3116 4613
486 246 580 314 26

484 445 621 509 iure
667 444 1047 525 quaerimus,
1096 464 1235 509 esse
1280 445 1491 524 potuit
1538 463 1801 523 causae,
1869 465 2006 524 cur,
2071 464 2255 526 quem
2302 446 2477 511 brevi
2529 451 2675 528 post

485 583 624 627 cum
666 564 1066 628 incommodo
1102 564 1287 628 huius
1321 565 1466 630 libri
1491 565 1909 630 Ciceroniana
1952 554 2073 630 huc
2121 566 2521 631 transtulisse
2574 585 2675 630 su-

485 683 1282 765 spicaturSieversiuS,
1330 683 1498 747 idem
1543 684 1604 748 h.
1652 684 1713 763 l.,
1764 702 1925 763 quae
1973 705 2048 749 ex
2095 705 2210 749 usu
2258 686 2428 749 illius
2469 692 2673 748 trans-

485 803 653 868 ferre
678 809 917 884 posset,
966 801 1312 867 transferre
1335 803 1590 866 omnino
1616 803 1815 867 nollet
1830 808 1860 867 ἶ)
1903 804 2155 867 Nullam
2198 824 2351 868 vero
2402 805 2536 869 eius
2583 804 2675 868 rei

488 941 741 986 causam
769 941 909 988 esse
929 922 1235 1001 videmus,
1271 923 1392 987 nisi
1420 923 1588 988 forte
1618 924 1758 1005 quis
1787 922 2121 1003 existimat,
2153 924 2675 1004 interpolatorem

486 1047 614 1104 tam
652 1047 890 1106 teretes
929 1061 1117 1106 aures
1161 1042 1478 1122 habuisse,
1524 1049 1597 1108 ut
1642 1044 1933 1108 taederet
1980 1062 2122 1106 eum
2156 1043 2479 1124 praesenti
2516 1049 2675 1106 tem-

486 1179 643 1240 pore
688 1168 981 1242 repetere
1020 1163 1362 1228 narrandi
1411 1164 1672 1227 verbum
1717 1162 1844 1225 iam
1891 1181 2083 1242 supra
2121 1160 2333 1224 futuro
2385 1168 2673 1243 tempore

486 1286 876 1362 usurpatum.
970 1281 1095 1344 Sed
1161 1301 1241 1344 ne
1321 1281 1386 1345 id
1455 1281 1711 1361 quidem
1791 1281 2080 1361 cuiquam
2158 1280 2459 1346 credibile
2530 1283 2673 1345 erit.

492 1398 810 1479 Sequitur,
871 1406 941 1462 ut
993 1379 1072 1464 ne
1117 1400 1182 1463 in
1220 1401 1298 1465 iis
1331 1401 1588 1481 quidem
1620 1400 1850 1480 verbiS,
1901 1377 2063 1481 quae
2103 1400 2517 1465 Sieversio
2566 1421 2669 1465 su-

490 1523 712 1598 specta
748 1535 887 1581 esse
924 1517 1320 1598 videbantur,
1368 1519 1558 1583 liceat
1594 1519 1675 1581 ad
1699 1519 2210 1601 interpolationis
2245 1539 2679 1601 praepropere

490 1635 915 1716 suspicionem
968 1634 1328 1718 confugere.

658 1755 797 1819 Hoc
868 1764 1207 1838 postquam
1274 1757 1823 1839 praemonuimuS,
1907 1759 2034 1822 iam
2094 1756 2244 1838 ipsa
2290 1759 2513 1837 verba,
2601 1758 2678 1822 de

490 1875 716 1954 quibus
762 1876 990 1956 agitur,
1039 1878 1397 1943 accuratius
1445 1878 1891 1957 examinemus,
1941 1895 2065 1957 quo
2111 1877 2315 1956 magis
2352 1884 2678 1958 appareat,

495 1993 645 2073 quid
692 1994 1026 2061 tolerabile
1074 1998 1172 2077 sit,
1222 1998 1373 2078 quid
1418 1996 1572 2061 ferri
1617 2002 1911 2077 nequeat.
1996 1997 2070 2059 Id
2118 1995 2284 2059 enim
2331 1994 2681 2058 assentien-

496 2113 642 2175 dum
690 2114 811 2177 erit
859 2114 1291 2196 Sieversio,
1340 2115 1671 2182 brevitatis
1715 2122 2059 2197 praecepta
2103 2114 2169 2177 in
2213 2114 2311 2192 iis,
2360 2132 2523 2193 quae
2567 2133 2683 2192 per

498 2228 944 2319 παρένθεσιν
981 2235 1162 2315 quasi
1190 2236 1550 2317 conscripta
1574 2240 1736 2313 sunt,
1786 2235 2035 2298 admitti
2062 2253 2188 2296 non
2224 2252 2432 2328 posse.
2481 2232 2684 2309 Quac-

387 2395 394 2401 -
496 2353 677 2432 ritur,
729 2372 891 2433 quae
918 2355 1043 2419 sint
1068 2355 1399 2419 brevitatis
1444 2361 1806 2435 praecepta,
1846 2372 2008 2434 quae
2038 2372 2166 2417 non
2212 2353 2353 2417 sint.
2401 2352 2488 2415 Ut
2519 2352 2683 2415 enim

493 2473 689 2537 verba
745 2476 846 2540 ‘ne
902 2474 988 2540 ab
1045 2476 1276 2542 ultimo
1331 2480 1741 2560 repelamm,
1798 2491 1878 2540 ne
1934 2473 2128 2558 lonqe
2168 2463 2685 2557 persequanmr‘

494 2593 756 2673 propria
793 2611 943 2657 ‘esse
987 2593 1321 2658 brevitatis
1368 2600 1431 2657 et
1468 2594 1683 2673 inepte
1728 2592 1787 2655 h.
1814 2591 1853 2654 l.
1903 2592 1968 2655 in
1997 2590 2470 2671 perspicuitatis
2500 2608 2683 2670 prae-

496 2711 696 2791 ceptis
730 2712 1022 2792 repetita,
1069 2733 1254 2778 nemo
1294 2732 1420 2777 non
1460 2712 1653 2775 faciet
1695 2729 1841 2774 cum
1876 2709 2310 2788 SieversiO,
2355 2708 2465 2788 ita,
2514 2708 2685 2788 quod

495 2830 726 2895 attinet
771 2832 851 2894 ad
896 2833 1092 2897 verba
1146 2829 1247 2900 ‘ne
1301 2852 1502 2918 quam
1573 2835 1643 2899 in
1709 2832 1917 2898 aliam
1986 2849 2135 2898 rem
2202 2819 2677 2909 transeam'usss

499 2950 974 3030 perspicuitatis
1050 2953 1252 3033 magis
1317 2971 1505 3032 quam
1572 2949 1905 3044 brevitatis
1975 2968 2113 3013 esse
2179 2968 2364 3012 nemo
2411 2948 2687 3029 negabit.

499 3068 675 3143 Quae
720 3071 915 3133 verba
958 3077 1029 3133 ut
1077 3072 1344 3134 eandem
1391 3076 1583 3151 atque
1641 3070 1752 3133 illa
1807 3070 2123 3133 rationem
2168 3068 2348 3147 sequi
2392 3072 2690 3148 putarent

493 3187 907 3268 Kayserus
972 3195 1035 3252 et
1082 3189 1579 3268 Sieversius,
1663 3189 1810 3253 inde
1881 3189 2118 3253 factum
2186 3206 2327 3251 esse
2389 3184 2683 3262 arbitror,

501 3306 667 3385 quod
720 3308 943 3371 eadem
994 3315 1057 3371 et
1103 3308 1167 3371 in
1213 3308 1292 3372 iis
1340 3287 1654 3372 contineri
1701 3308 2155 3386 existimarent,
2206 3324 2369 3386 quae
2418 3306 2496 3368 de
2541 3304 2684 3368 bre-

494 3424 692 3488 vitate
739 3426 955 3506 paullo
1005 3432 1151 3489 ante
1197 3428 1633 3508 praecepisset
1680 3426 2073 3491 Cornificius.
2094 3426 2156 3507 >k)

666 3544 751 3606 Et
786 3544 1231 3611 Sieversius
1274 3547 1548 3627 quidem,
1597 3552 1667 3608 ut
1701 3545 2166 3610 demonstraret
2199 3548 2687 3624 praeceptorum

492 3662 745 3727 illorum
791 3667 1107 3745 quandam
1155 3664 1692 3744 convenientiam,
1759 3665 1836 3728 de
1897 3663 2230 3728 brevitatis
2276 3661 2520 3742 legibus
2567 3661 2681 3725 has

670 3903 726 3971 ⁸⁸)
762 3901 930 3967 Quem
965 3904 1144 3958 locum
1183 3903 1455 3958 artissime
1494 3919 1610 3956 cum
1652 3900 2058 3971 perspicuitatis
2120 3899 2428 3971 praeceptis
2466 3900 2673 3952 cohae-

496 3995 704 4043 rentem
738 3994 909 4043 totum
946 3990 1080 4045 infra
1139 4010 1188 4061 p.
1238 3994 1340 4060 29,
1390 3990 1644 4046 absoluta
1682 3989 1784 4047 hac
1830 3986 2237 4061 disputatione,
2274 3983 2691 4059 imprimendum

498 4088 828 4135 curavimus
