3116 4613
2565 261 2649 332 11

463 466 748 546 spicuum
764 466 1022 548 faciunt,
1050 486 1237 548 quam
1258 485 1386 530 non
1407 465 1701 532 debuerit
1726 465 1803 528 W
1820 465 1887 530 ei
1902 465 1994 530 dn
2010 485 2043 530 e
2057 487 2089 530 r
2102 484 2145 530 u
2159 486 2187 532 3
2219 465 2658 548 redintegrare

462 587 1073 651 Burmannianae
1114 587 1284 651 illius
1320 586 1677 651 sententiae
1724 587 2115 667 memoriam,
2165 607 2327 667 quae
2360 608 2397 652 a
2424 588 2660 653 doctis-

465 708 638 772 simis
662 709 815 772 viris
840 710 1069 772 merito
1097 709 1468 788 impugnata
1494 707 1813 772 oblivione
1844 728 2048 789 paene
2077 711 2204 774 iam
2244 710 2474 774 obruta
2502 715 2657 774 erat.

635 829 809 905 Quae
857 849 998 894 cum
1032 831 1124 893 ita
1157 830 1298 907 sint,
1346 847 1475 891 non
1506 827 1776 907 amplius
1814 831 2240 923 dubitabimus
2272 830 2483 896 facere
2520 850 2660 896 cum

464 949 562 1029 iis,
613 969 881 1030 quorum
928 950 1166 1014 iudicia
1214 948 1497 1013 breviter
1558 951 2039 1030 comprehendit
2073 951 2231 1015 illud
2267 951 2661 1032 Spengeli-

465 1088 720 1151 anum,
769 1072 893 1136 nisi
931 1072 1103 1152 quod
1147 1075 1443 1150 quartum
1485 1067 1721 1133 Cornif.
1770 1071 2002 1135 librum
2045 1077 2193 1151 post
2246 1078 2449 1136 artem
2477 1071 2657 1136 Cice-

465 1194 795 1257 ronianam
847 1194 1275 1274 conscriptum
1329 1209 1468 1255 esse
1503 1190 1934 1255 Weidnero
1997 1192 2168 1255 haud
2213 1193 2394 1256 inviti
2440 1212 2660 1259 conce-

468 1316 690 1394 dimus,
745 1315 917 1396 quod
961 1314 1131 1377 idem
1176 1331 1255 1375 ne
1300 1312 1707 1392 Kayserus
1755 1313 2010 1392 quidem
2055 1309 2420 1393 negaverat.

633 1438 721 1501 Ut
746 1444 959 1502 autem
979 1432 1486 1500 nostrihomines
1510 1434 1592 1496 ad
1618 1453 1812 1497 unum
1833 1433 1967 1498 fere
1988 1452 2207 1499 omnes
2233 1436 2659 1515 consentiunt,

469 1559 843 1622 Ciceronem
870 1558 935 1620 in
969 1556 1423 1636 componendis
1458 1555 1535 1618 de
1570 1556 1693 1618 inv,
1727 1556 1906 1620 libris
1943 1575 2070 1619 non
2095 1575 2299 1636 pauca
2328 1557 2404 1619 de
2429 1557 2660 1636 priori-

466 1679 583 1741 bus
611 1675 908 1741 Cornifici
953 1675 1132 1739 libris
1181 1654 1590 1755 exscripsisse
1638 1695 1865 1756 neque,
1916 1695 2192 1756 quonam
2240 1697 2314 1742 ex
2360 1677 2537 1742 fonte
2588 1697 2664 1742 ea

466 1796 801 1875 hausisset,
848 1813 1127 1874 unquam
1159 1770 1564 1874 prodidisse,
1612 1793 1734 1873 ita,
1782 1795 1890 1874 qui
1936 1796 2269 1876 utriusque
2314 1795 2514 1860 libros
2562 1815 2664 1860 ac·

469 1916 748 1980 curatius
765 1915 1131 1995 inspexerit,
1155 1913 1601 1979 similitudines
1625 1916 2029 1996 compararit,
2055 1917 2325 1980 docendi
2349 1917 2664 1981 rationem

467 2037 935 2118 perquisiverit,
984 2055 1111 2100 11011
1166 2036 1406 2116 poterit
1473 2035 1580 2098 ille
1650 2054 1779 2099 non
1847 2038 2227 2118 concedere,
2291 2038 2664 2103 Ciceronem

467 2160 576 2222 vel'
614 2160 679 2222 in
728 2159 1115 2238 discrepanti
1159 2159 1478 2237 interdum
1527 2159 1796 2222 docendi
1843 2159 2092 2223 ratione
2127 2161 2323 2226 verba
2359 2162 2663 2224 duntaxat

472 2298 546 2343 ex
593 2278 828 2344 Cornif.
881 2279 1351 2360 deprompsisse
1412 2283 1475 2342 et
1533 2279 1599 2342 in
1643 2298 1826 2344 usum
1889 2300 2070 2345 31111111
2119 2283 2526 2363 convertisse,
2573 2284 2665 2347 ita

467 2408 540 2464 ut
586 2401 894 2466 similibus
960 2420 1073 2464 seu
1116 2400 1342 2465 iisdem
1387 2419 1841 2481 nonnunquam
1885 2404 2125 2483 verbis,
2193 2404 2415 2467 ordine
2473 2404 2662 2467 modo

469 2522 698 2585 leviter
741 2523 1111 2600 immutat0,
1176 2527 1523 2601 praecepta
1585 2522 2031 2586 contineantur
2090 2524 2259 2603 apud
2324 2531 2664 2604 utrumque

368 2623 375 2630 ’
473 2640 820 2704 dissimilia.
912 2639 1379 2704 Unde-factum
1427 2657 1567 2704 esse
1617 2641 1969 2721 opinamur,
2042 2649 2114 2706 ut
2160 2649 2380 2706 mutuo
2430 2643 2507 2707 ab
2552 2643 2667 2706 ho-

472 2760 743 2824 minibus
788 2760 1271 2840 posterioribus,
1322 2779 1463 2823 cum
1509 2747 1782 2826 maxime
1830 2764 2109 2828 auctoris
2157 2764 2236 2826 ad
2275 2763 2667 2827 Herennium

474 2899 704 2944 nomen
751 2881 815 2944 in
864 2881 1246 2946 oblivionem
1307 2863 1475 2945 esset
1543 2881 1886 2945 adductum
1948 2888 2011 2945 et
2057 2882 2382 2946 Ciceronis
2428 2883 2668 2946 nomini

476 2999 612 3064 fere
659 3002 1106 3066 addicerentur
1150 3001 1242 3064 illi
1286 3002 1461 3081 libri,
1516 3021 1646 3065 non
1705 3003 1908 3067 solum
1966 3008 2141 3067 totae
2191 3002 2545 3066 sententiae
2592 3021 2667 3067 ex

479 3118 783 3184 Cicerone
827 3121 893 3184 111
939 3140 1050 3185 003
1096 3122 1597 3188 transferrentur
1642 3125 1754 3188 sed
1802 3125 2021 3203 etiam,
2083 3124 2150 3187 id
2196 3124 2367 3204 quod
2410 3124 2667 3186 maximi

478 3245 573 3303 est
635 3242 976 3321 momenti,
1047 3242 1128 3304 ad
1193 3243 1516 3309 Ciceronis
1588 3245 1942 3325 exemplum
2010 3246 2150 3324 ipsa
2215 3264 2666 3324 nonnunquam

477 3360 772 3424 Cornifici
818 3363 1013 3426 verba
1058 3368 1297 3427 temere
1343 3369 1931 3444 transponerentur.

650 3481 809 3544 Sunt
853 3481 1048 3561 igitur
1092 3484 1625 3562 transpositiones
1662 3501 1738 3546 ex
1771 3484 1994 3547 eodem
2033 3485 2266 3564 partim
2300 3484 2476 3548 fonte
2517 3505 2663 3565 pro-

477 3600 682 3664 fectae
730 3607 921 3682 atque
967 3601 1515 3682 interpolationes
1564 3602 1650 3664 Et
1696 3603 1868 3681 quod
1916 3621 2107 3682 supra
2156 3603 2232 3667 de
2268 3604 2668 3684 interpolati-

482 3722 738 3800 011111113,
806 3722 976 3785 idem
1022 3722 1123 3785 hic
1172 3723 1345 3787 dicas
1393 3723 1470 3785 de
1516 3722 1836 3785 nonnullis
1882 3724 2517 3802 transpositionibus:
2591 3725 2669 3789 de

479 3825 792 3905 industri'a
836 3840 1130 3907 falsarios
1179 3842 1488 3921 quosdam
1533 3840 1841 3920 homines,
1896 3847 1966 3904 ut
2009 3841 2075 3904 hi
2120 3843 2266 3908 libri
2310 3863 2461 3908 vere
2492 3844 2669 3908 Cice-

482 3960 731 4024 roniani
779 3979 919 4026 esse
961 3960 1349 4040 viderentur,
1399 3960 1479 4024 ad
1506 3960 1831 4024 Ciceronis
1880 3962 2092 4025 omnia
2137 3961 2424 4025 ordinem
2471 3962 2669 4025 addu-

478 4080 665 4145 xisse.
714 4082 831 4145 Est
867 4085 1078 4144 autem
1122 4081 1333 4159 etiam,
1379 4081 1489 4145 ubi
1533 4081 1962 4164 interpolandi
1999 4081 2319 4147 occasioni
2355 4079 2670 4147 defuerint
