3116 4613
2544 291 2636 365 41

453 492 527 559 in
570 492 1022 575 posteriore
1068 489 1306 554 verba
1346 489 1786 578 „0bv0lalu5,'
1834 491 2194 579 obliyaluS,
2253 491 2643 578 devehatur,

445 607 940 702 pt·osluentem“,
997 610 1116 675 his
1165 610 1578 675 Ciceronis
1627 607 2151 700 (l.l.55².149).·
2201 611 2643 700 „obvolulum,

448 736 909 822 praeliqalum
937 784 954 816 ,
1042 730 1468 816 deferretur,
1552 728 2039 817 profluentem“
2120 737 2643 814 respondent.

449 853 1194 936 Interpolationem
1268 850 1539 931 igitur
1603 853 2333 934 deprehendimus,
2414 855 2647 920 cuius

448 994 603 1069 non
688 973 1003 1054 quidem
1081 972 1500 1036 sententia
1581 1009 1665 1021 *-
1744 992 1920 1036 nam
1994 974 2647 1055 interpolatoris

453 1100 578 1158 est
639 1129 743 1172 -—,
831 1070 969 1156 sed
1053 1110 1270 1155 mera
1355 1092 1605 1157 verba
1687 1092 2120 1158 Ciceronis
2201 1094 2281 1158 in
2368 1093 2647 1158 causis

452 1212 799 1280 fuerint‘.
893 1212 1030 1288 Qua
1074 1211 1140 1274 in
1185 1230 1255 1274 re
1301 1215 1522 1274 nostro
1583 1211 1720 1276 iure
1779 1214 2180 1300 quaerimus,
2249 1232 2457 1278 nonne
2517 1233 2649 1277 ma-

448 1334 615 1399 ximo
654 1351 849 1414 opere
897 1331 1005 1395 ille
1054 1350 1090 1394 a
1137 1349 1203 1394 se
1235 1329 1374 1410 ipso
1400 1331 1737 1397 dissentire
1758 1333 2067 1412 videatur,
2117 1332 2223 1413 qui
2252 1332 2646 1411 Schuetzi,

450 1452 809 1535 Kayseri,
859 1451 1131 1514 aliorum
1176 1456 1417 1514 temere
1445 1452 1775 1532 amplexus
1824 1444 2205 1516 sententiam
2250 1471 2375 1515 uno
2427 1471 2536 1517 ore
2587 1458 2649 1516 ct

451 1570 903 1651 interpolatam
945 1569 1153 1650 1636111
1201 1569 1430 1634 dixerit
1477 1589 1636 1650 esse,
1687 1589 1874 1650 quam
1922 1570 2143 1635 Cicero
2190 1590 2318 1635 non
2362 1571 2646 1651 haberet,

454 1700 517 1757 et
579 1693 847 1756 eundem
910 1690 1035 1754 Cic.
1098 1690 1309 1753 locum
1371 1689 1885 1770 interpolationis
1948 1688 2190 1754 fontem
2256 1690 2643 1772 significarit.

448 1814 648 1876 Immo
694 1828 847 1875 vero
897 1809 1389 1889 OstmannUS,
1451 1828 1592 1872 cum
1636 1815 1922 1873 notatam
1990 1830 2065 1874 ex
2111 1810 2416 1875 Cicerone
2477 1810 2650 1874 illam

448 1933 656 2012 1636111
699 1929 902 1994 voluit
959 1929 1425 2009 demonstrare,
1456 1930 1851 1993 'contrariae
1912 1931 2195 2011 opinioni
2257 1930 2358 1994 vel
2418 1929 2646 1993 firmis-

378 2111 383 2114 ,
451 2052 676 2115 simum
708 2049 1157 2114 adminiculum
1191 2050 1327 2130 ipse
1361 2049 1684 2130 applicuit.
1735 2049 1907 2124 Quae
1948 2049 2114 2113 enim
2152 2049 2190 2112 l.
2224 2050 2262 2113 l.
2298 2054 2650 2129 sequuntur

452 2169 621 2253 apiid
680 2170 1053 2234 Ciceronem
1117 2167 1575 2232 Cornificianae
1636 2168 1729 2232 illi
1789 2168 1914 2249 legi
1969 2169 2199 2234 similia
2215 2169 2307 2250 *),
2374 2168 2465 2231 ita
2523 2187 2649 2230 non

450 2297 717 2373 possunt
740 2289 1034 2373 probare,
1085 2289 1163 2354 ab
1210 2288 1671 2370 interpolatore
1720 2288 1953 2369 aliqu0,
2001 2289 2123 2354 nisi
2161 2310 2304 2355 eum
2340 2289 2649 2370 fingamus

449 2410 645 2477 fuisse
669 2412 988 2475 hominem
1012 2410 1546 2488 versutissimum,
1600 2446 1676 2455 ·—-
1702 2409 1935 2490 quippe
1964 2410 2071 2489 qui
2094 2409 2511 2474 Ciceroniana
2538 2409 2651 2472 illa

424 2532 516 2595 ¹in
542 2532 700 2612 legis
728 2505 1000 2594 formam
1029 2531 1197 2610 apud
1224 2529 1628 2594 Cornificium
1659 2529 1982 2610 redigeret
2003 2566 2104 2611 —-,
2153 2534 2446 2611 quartam
2475 2526 2650 2590 illam

451 2652 514 2715 in
535 2648 770 2714 Cornif.
802 2649 1009 2729 1636111
1044 2650 1431 2731 adscriptam
1463 2667 1622 2727 esse,
1670 2655 1740 2711 ut
1768 2669 1802 2714 e
1829 2650 2149 2715 contrario
2172 2648 2544 2713 Ciceronem
2573 2666 2649 2710 ex

454 2790 529 2834 ea
574 2769 735 2850 1636,
785 2787 974 2849 quam
1007 2789 1118 2833 suo
1154 2769 1298 2834 loco
1337 2770 1403 2833 in
1432 2768 1666 2834 Cornif.
1708 2770 2039 2849 invenerit,
2085 2773 2380 2848 repetere
2432 2765 2646 2831 nescio

452 2907 532 2951 an
578 2894 844 2969 propter
889 2888 1155 2957 aliarum
1202 2889 1412 2969 legum
1461 2888 2038 2953 dissimilitudinem
2089 2887 2401 2967 noluerit,
2449 2885 2644 2951 verba

451 3014 697 3072 tantum
747 3026 975 3072 causae
1024 3028 1175 3073 suae
1220 2983 1738 3073 accommodasse
1784 3014 2110 3089 appareat.

621 3126 841 3191 Adhuc
889 3145 1049 3207 quos
1097 3128 1591 3193 examinavimus
1635 3128 1841 3207 locos,
1908 3126 1973 3189 111
2039 3126 2117 3190 iis
2179 3128 2370 3191 modo
2436 3147 2645 3208 unam,

449 3247 640 3310 modo
686 3246 903 3328 plures
949 3247 1373 3328 transpositas
1422 3246 1953 3328 deprehendimus
2001 3247 2369 3311 sententias.
2465 3248 2642 3327 Sunt,

449 3366 513 3430 in
582 3367 808 3446 quibus
871 3368 1055 3432 unius
1121 3372 1368 3432 tantum
1429 3367 1608 3433 verbi
1677 3367 2175 3448 transpositione
2242 3367 2647 3431 contineatur

451 3483 692 3547 ordinis
712 3489 1130 3568 perturbatio,
1168 3505 1376 3568 neque
1414 3488 1707 3568 cuiquam
1731 3487 1989 3552 dubium
2028 3506 2166 3551 esse
2212 3493 2445 3566 potest,
2498 3487 2649 3566 quin

453 3623 527 3668 ex
589 3605 715 3669 Cic.
796 3607 974 3671 libris
1051 3606 1340 3687 profecta
1408 3608 1488 3671 sit
1556 3606 1993 3688 transpositiO.
2085 3604 2276 3669 Velut
2345 3605 2646 3685 legimus:

622 3758 673 3823 ²⁸)
713 3755 962 3826 Legimus
1001 3756 1140 3825 apud
1179 3756 1289 3810 Cic.
1328 3757 1397 3811 de
1436 3761 1543 3809 inv.
1584 3757 1671 3817 II,
1729 3759 1827 3819 50,
1883 3761 1974 3809 149
2034 3756 2102 3809 in.
2161 3757 2319 3810 haec:
2394 3757 2652 3825 ‘Quidam

448 3824 812 3878 iudicatas
858 3833 957 3878 est
993 3831 1365 3894 parentem
1414 3826 1794 3892 occidisse,
1844 3826 1892 3878 ei
1926 3826 2137 3889 statim,
2178 3826 2322 3893 qaod
2357 3826 2650 3895 effuyiencli

441 3898 685 3963 potestas
720 3910 832 3946 non
865 3895 1002 3960 fait,
1055 3894 1260 3962 liyneae
1294 3894 1468 3947 soleae
1502 3893 1566 3945 in
1594 3895 1758 3961 pedes
1793 3894 2000 3947 inditae
2034 3899 2191 3958 sunt‚·
2242 3910 2301 3947 03
2337 3899 2513 3946 autem
2548 3894 2647 3946 ob-

449 3964 764 4016 volutam
811 3967 888 4014 est
934 3962 1179 4027 folliculo
1233 3968 1293 4015 et
1339 3962 1864 4031 praeliyatum5
1918 3962 2109 4015 deinde
2157 3967 2233 4014 est
2281 3962 2342 4014 in
2391 3977 2652 4014 carcerem

449 4032 732 4096 deductae,
782 4035 843 4082 at
878 4031 971 4082 ubi
1015 4037 1146 4084 esset
1192 4031 1487 4099 tantisper,
1543 4031 1672 4084 clam
1707 4032 1907 4085 calleas
1919 4072 1935 4098 ,
1989 4031 2050 4083 in
2086 4047 2235 4098 quem
2276 4030 2542 4084 coniectus
2577 4030 2650 4084 isa

441 4100 922 4169 profluentem
958 4100 1386 4168 deferretur,
1424 4102 1849 4169 conpararetar‘.
