3116 4613
502 294 546 365 4

496 497 839 580 praecipue
884 496 1184 563 adhibitis
1247 535 1329 547 —
1392 496 1837 581 intempestivo
1898 500 2252 585 explicandi
2321 506 2434 571 seu
2493 502 2687 571 inter-

494 621 789 700 pretandi
858 620 1067 684 studio
1133 620 1351 685 deberi
1428 624 1834 704 perspicuum
1897 632 2028 706 est,
2102 627 2373 691 alterum
2448 648 2684 705 earum,

497 758 653 819 quas
698 746 873 803 recte
922 739 1096 803 dicas
1153 759 1228 803 ex
1275 740 1600 804 Ciceronis
1665 743 1743 806 de
1789 745 2152 811 inventione
2198 749 2378 813 libris
2440 748 2506 812 in
2567 746 2686 811 hos

492 862 691 924 libros
739 879 879 925 esse
923 861 1285 941 translatas,
1336 868 1398 924 et
1429 862 1506 926 ab
1539 862 1636 942 iis,
1687 864 1793 942 qui
1843 865 2093 946 decepti
2128 886 2347 931 eorum
2375 868 2682 932 librorum

493 982 706 1062 aliqua
749 982 917 1045 inter
962 1000 1029 1045 se
1069 982 1500 1061 similitudine,
1551 1000 1714 1061 quae
1765 984 1841 1047 de
1881 986 2107 1049 iisdem
2154 988 2344 1051 rebus
2389 986 2682 1065 pleniora

492 1104 779 1184 legerent
853 1101 1024 1182 apud
1094 1102 1501 1182 Ciceronem,
1581 1122 1657 1166 ea
1735 1105 1915 1185 quasi
1993 1106 2056 1168 in
2127 1105 2424 1170 Cornifiei
2503 1106 2682 1171 libris

496 1225 733 1289 omissa
778 1244 892 1288 suo
940 1224 1079 1287 iure
1124 1223 1466 1287 restituere
1515 1224 1635 1289 sibi
1680 1226 2067 1307 viderentur,
2125 1246 2242 1291 nec
2288 1246 2417 1290 non
2463 1228 2540 1291 ab
2587 1226 2684 1305 iis,

494 1345 601 1424 qui
651 1345 728 1408 de
774 1343 1090 1407 industria
1135 1342 1461 1408 Ciceronis
1516 1346 1713 1410 verba
1770 1346 1834 1410 in
1880 1354 2165 1412 nostram
2226 1356 2430 1412 artem
2493 1347 2684 1411 infer-

488 1473 650 1545 rent,
698 1472 769 1529 ut
816 1484 954 1529 eam
1002 1471 1066 1528 et
1111 1464 1313 1545 ipsam
1358 1484 1475 1545 pro
1525 1466 1945 1531 Ciceroniana
1988 1468 2409 1532 venditarent.

663 1585 855 1649 Cuius
901 1584 1233 1666 utriusque
1279 1585 1847 1665 interpolationum
1911 1587 2163 1666 generis
2225 1607 2365 1651 cum
2411 1588 2475 1650 in
2521 1568 2683 1650 antiss

492 1706 810 1789 quissimis
859 1707 966 1786 qui
1013 1712 1291 1770 aetatem
1351 1706 1635 1770 tulerunt
1691 1707 2013 1772 codicibus
2074 1707 2349 1786 plurima
2394 1707 2684 1787 exempla

491 1829 915 1907 inveniuntur,
962 1834 1097 1890 tum
1130 1827 1194 1889 in
1228 1827 1691 1891 recentioribus
1725 1827 1905 1891 libris
1943 1847 2134 1891 manu
2171 1828 2423 1908 scriptis
2468 1833 2682 1890 tantus

489 1969 790 2014 numerus
859 1947 1168 2026 occurrit,
1236 1952 1306 2009 ut
1372 1946 1527 2010 nihil
1595 1953 1919 2011 morantes
1978 1947 2264 2011 nonnulli
2323 1946 2444 2009 viri
2512 1944 2683 2009 docti

493 2071 840 2137 eorundem
899 2069 1207 2133 librorum
1269 2067 1539 2131 virtutes
1611 2088 1861 2133 omnem
1906 2088 2169 2149 prorsus
2215 2068 2404 2132 fidem
2449 2068 2527 2132 iis
2575 2069 2682 2132 ab·

489 2190 840 2271 rogandam
888 2207 1027 2253 esse
1072 2187 1453 2267 putaverint.
1543 2187 1736 2253 Velut
1781 2187 2223 2269 Halmius*)
2274 2193 2538 2250 conatus
2585 2192 2682 2250 est

492 2313 930 2393 comprobare,
978 2310 1448 2376 subsistendum
1486 2327 1625 2373 esse
1669 2308 1733 2372 in
1766 2309 2188 2373 vetustiorum
2220 2306 2508 2371 codicum
2534 2323 2680 2368 auc-

490 2433 771 2497 toritate.
834 2431 1017 2507 Quod
1049 2429 1291 2493 utinam
1331 2428 1735 2492 doctissimus
1772 2428 2194 2510 viromnibus
2235 2426 2678 2507 persuasisset.

488 2555 777 2634 Namque
843 2553 1015 2632 quod
1083 2549 1703 2631 Spengelius**),
1765 2546 2349 2627 Simonius***),
2414 2546 2681 2609 Desti-

487 2673 877 2755 nonius†),
928 2670 1036 2735 alii
1081 2668 1471 2750 gravissimis
1519 2668 1908 2747 argumentis
1946 2667 2416 2747 confirmarunt,
2463 2685 2543 2730 ne
2579 2685 2681 2729 re-

488 2794 805 2858 centiores
853 2792 1107 2874 quidem
1155 2791 1407 2855 codices
1454 2789 1626 2853 omni
1675 2789 1928 2853 omnino
1976 2787 2101 2853 fide
2150 2806 2386 2867 carere,
2437 2787 2672 2868 quippe

491 2914 598 2995 qui
645 2913 888 2994 aliquot
934 2910 1092 2976 10013
1138 2911 1247 2975 11111
1283 2912 1703 2976 vetustiorum
1742 2913 2030 2977 codicum
2067 2911 2326 2975 lacunas
2352 2910 2433 2973 ad
2464 2910 2682 2973 arche-

487 3037 621 3118 typi
666 3036 814 3101 libri
858 3033 1049 3097 fidem
1095 3034 1263 3098 veris
1303 3034 1538 3099 Cornif.
1588 3036 1798 3100 verbis
1848 3034 2132 3114 expletas
2181 3030 2503 3111 offerrent,
2552 3050 2681 3095 non

489 3155 773 3220 minutae
820 3155 934 3219 sed
980 3161 1205 3219 auctae
1252 3174 1392 3219 0330
1437 3155 1736 3219 videntur
1781 3153 2168 3222 factitandae
2215 3152 2371 3217 artis
2424 3152 2680 3216 criticae

492 3276 920 3341 difficultates.
966 3276 1052 3339 Et
1087 3276 1335 3356 accidit,
1384 3283 1455 3339 ut
1500 3276 1565 3339 in
1610 3275 1790 3341 libris
1837 3275 1890 3339 31
1937 3275 2044 3354 qui
2092 3274 2200 3338 alii
2246 3272 2682 3352 turpissimum

487 3398 551 3461 in
596 3397 854 3461 modum
903 3396 1265 3476 depravatis
1310 3416 1389 3460 ne
1439 3397 1516 3461 de
1564 3398 1853 3461 codicum
1901 3397 2157 3476 quidem
2215 3395 2465 3459 ratione
2526 3395 2685 3491 satis=

491 3523 886 3598 compertum
930 3515 1295 3597 habeamus,
1367 3537 1507 3582 cum
1576 3517 1931 3584 sexcenties
1995 3536 2188 3597 1111110,
2252 3516 2680 3581 recentiorum

698 3809 749 3869 *)
789 3804 975 3859 Rhein.
1011 3802 1146 3858 Mus.
1189 3802 1300 3858 XV.
1343 3823 1395 3878 p.
1434 3811 1530 3862 536
1569 3806 1621 3862 ff.

661 3894 751 3957 **)
790 3889 980 3944 Rhein.
1020 3890 1154 3945 Μ113.
1191 3890 1336 3946 XVI.
1376 3909 1429 3964 p.
1467 3897 1562 3947 391
1603 3893 1657 3949 ff.

629 3979 750 4046 ¹⁸**)
789 3975 885 4029 Die
925 3975 1341 4032 Handschriften
1381 3978 1772 4056 derRhetorik
1810 3996 1876 4035 an
1908 3977 2226 4035 HerenniuS.
2267 3976 2672 4052 l.Abtheilung.

494 4061 806 4131 Programm
844 4060 944 4116 der
982 4062 1036 4117 k.
1074 4061 1512 4119 Studienanstalt
1551 4082 1618 4119 zu
1656 4065 2043 4121 schweinfurt.
2122 4069 2269 4121 1863.

625 4148 690 4221 †)
728 4147 804 4202 oe
840 4145 1090 4203 codicum
1132 4149 1618 4206 cornificianorum
1658 4151 1871 4207 ratione
1909 4153 1950 4207 1.
1989 4147 2161 4207 mnae
2199 4130 2677 4207 mocccrxxw.
