3116 4613
2492 217 2584 296 17

388 430 614 514 brarii,
679 434 757 497 de
802 430 1116 498 industria
1160 426 1564 513 interpolatis
1613 427 2180 509 coniunctionibus
2230 446 2587 494 sermonem

391 554 704 634 aptiorem
754 553 1024 617 reddere
1071 552 1195 616 sint
1244 551 1556 634 conati.*)
1626 550 1916 630 Denique
1965 549 2135 630 quod
2184 549 2406 614 Cicero
2453 548 2493 612 1.
2543 548 2582 611 l.

390 680 612 755 aperte
635 673 1042 738 Cornificium
1066 671 1351 736 imitatus
1374 671 1472 736 bis
1500 670 1829 752 usurpavit
1854 670 2026 733 illam
2057 669 2585 748 coniunctionem,

389 793 562 856 velut
629 795 788 862 ‘aut
830 812 965 879 pro
1008 811 1085 859 re
1130 792 1475 875 hominem,
1533 796 1683 859 accc
1725 809 1860 877 pro
1901 789 2160 858 homine
2206 792 2389 873 rem‘,
2460 807 2589 853 non

390 913 552 976 tanti
600 932 739 978 esse
787 912 1070 991 debebit,
1134 918 1205 975 ut
1249 913 1634 993 recipiamus
1679 911 1969 976 voculam
2029 910 2264 975 nullius
2309 910 2432 975 nisi
2480 911 2587 975 de-

390 1033 638 1095 terrimi
686 1032 924 1097 codicis
971 1033 1356 1097 auctoritate
1403 1033 1628 1097 nisam.

561 1149 687 1214 Sed
752 1151 879 1215 iam
942 1153 1024 1216 ad
1092 1172 1231 1216 eam
1293 1169 1430 1215 rem
1498 1152 1977 1231 aggrediamur,
2048 1169 2212 1231 quae
2275 1149 2586 1230 imprimis

393 1288 647 1334 causam
682 1272 866 1337 nobis
901 1273 1133 1354 intulit,
1183 1272 1384 1337 curin
1414 1272 1621 1352 ipsum
1649 1272 1814 1335 hunc
1848 1271 2057 1334 locum
2098 1269 2583 1349 inquireremus.

390 1387 613 1468 Neque
647 1390 812 1453 enim
848 1410 941 1471 ea,
991 1409 1154 1471 quae
1202 1398 1573 1472 sequuntur,
1621 1398 1795 1456 recte
1828 1392 2013 1457 nobis
2043 1390 2240 1454 fluere
2273 1389 2587 1466 videntur,

393 1525 776 1595 quamquam
802 1513 1118 1576 neminem
1142 1513 1346 1577 adhuc
1371 1513 1435 1577 in
1461 1513 1539 1576 iis
1580 1511 1922 1576 offendisse
1949 1511 2255 1575 videmus.
2303 1508 2591 1588 Namque

397 1629 567 1706 quod
636 1629 1059 1710 Kayserus
1127 1633 1322 1698 verba
1405 1631 1545 1700 ‘auc
1581 1633 1663 1699 de
1702 1635 1958 1699 minore
2006 1637 2127 1698 aut
2178 1631 2259 1696 de
2311 1627 2598 1696 maiore‘

394 1746 871 1827 interpolatoris
934 1751 1201 1816 alicuius
1261 1770 1459 1831 opera
1521 1771 1600 1816 ex
1646 1751 1771 1816 Cic.
1821 1752 1942 1815 inV.
1992 1752 2052 1830 I,
2111 1750 2224 1829 28,
2283 1748 2360 1812 41
2422 1749 2585 1813 med.

392 1868 512 1932 huc
558 1869 869 1934 translata
916 1890 1053 1936 esse
1101 1873 1491 1953 suspicatur,
1537 1871 1718 1935 nihili
1768 1890 1907 1935 esse
1957 1870 2150 1949 dicaS,
2199 1869 2434 1950 quippe
2481 1870 2588 1948 qui

398 1986 723 2052 Ciceronis
780 1991 975 2055 verba
1035 1992 1113 2055 ab
1173 1992 1293 2056 hac
1349 2012 1419 2056 re
1479 2011 1742 2073 prorsus
1802 1991 2011 2054 aliena
2072 1989 2380 2068 laudarit,
2446 2007 2589 2069 gra-

396 2109 720 2173 vissimum
773 2110 950 2175 illum
999 2112 1078 2176 de
1123 2113 1550 2178 insinuatione
1595 2114 1838 2192 locum,
1902 2111 2009 2192 qui
2070 2117 2167 2175 est
2215 2111 2385 2190 apud
2439 2129 2590 2175 eun-

401 2228 543 2291 dem
590 2230 647 2309 I,
713 2228 820 2311 17,
885 2228 970 2294 24
1026 2236 1203 2312 extr„
1259 2232 1446 2314 plane
1491 2232 1862 2314 neglexerit.
1953 2230 2170 2311 Hune,
2233 2230 2398 2294 hunc
2446 2230 2587 2294 dico

397 2349 634 2429 locum,
691 2350 1204 2431 interpolationis
1250 2353 1525 2435 fontem,
1597 2355 1649 2418 si
1711 2354 1966 2434 quidem
2013 2359 2109 2417 est
2153 2351 2588 2432 interpolatiO,

399 2468 768 2549 intellegere
817 2470 1106 2536 debebat.
1200 2474 1326 2539 Sed
1372 2482 1619 2539 tantum
1667 2475 1879 2551 abest,
1946 2478 2018 2535 ut
2061 2472 2180 2535 hac
2225 2472 2289 2534 in
2336 2491 2405 2536 re
2454 2472 2590 2536 eius

398 2588 681 2668 vestigiis
726 2589 1121 2674 insistamus,
1190 2614 1440 2660 omnem
1484 2602 1555 2660 ut
1600 2592 2117 2674 interpolationis
2164 2592 2590 2673 suspicionem

403 2726 696 2772 amovere
766 2727 1083 2775 conemur.
1174 2711 1339 2789 Quid
1408 2716 1577 2780 enim
1648 2719 1778 2777 tam
1852 2716 1948 2776 est
2010 2713 2338 2792 probabile
2402 2732 2592 2793 quam

405 2828 683 2909 credere,
718 2828 1090 2895 Ciceronem
1134 2832 1270 2915 h.,1.
1311 2842 1381 2898 ut
1418 2835 1482 2898 in
1512 2854 1583 2898 re
1616 2852 1782 2897 nova
1827 2838 1890 2897 et
1935 2850 1974 2895 a
2001 2830 2337 2895 Cornificio
2385 2831 2589 2912 primo

402 2949 466 3012 111
510 2948 788 3014 medium
833 2951 1191 3033 prolata**)
1236 2952 1535 3035 religiose
1570 2959 1859 3017 nostrum
1895 2950 2271 3031 scriptorem
2306 2956 2593 3014 secutum

408 3087 579 3147 esse,
639 3069 730 3132 ita
774 3076 1020 3150 tamen,
1076 3077 1147 3135 ut
1193 3091 1356 3153 quae
1402 3075 1509 3138 ille
1554 3091 1682 3136 una
1728 3069 2045 3136 sententia
2088 3068 2368 3133 breviter
2413 3069 2594 3133 stric-

406 3187 646 3268 timque
692 3188 938 3254 dixerat
981 3191 1182 3255 velut:
1234 3192 1373 3261 ‘auc
1410 3193 1793 3279 aliquorum
1837 3190 2154 3257 iudicium
2208 3189 2298 3254 de
2351 3188 2597 3255 simili
2691 3203 2696 3209 ·

404 3326 670 3375 causa
749 3316 897 3376 aut
972 3311 1067 3377 de
1147 3314 1431 3379 eadem
1499 3316 1651 3379 aul
1721 3310 1812 3376 de
1882 3310 2204 3374 minore
2284 3313 2425 3374 aul
2504 3308 2594 3375 de

403 3430 712 3494 maiore
739 3427 1214 3515 proferemus‘,
1264 3432 1366 3496 hic
1396 3432 1523 3495 iam
1557 3430 1748 3493 latius
1790 3427 2233 3509 perscriberet,
2272 3426 2596 3507 usurpatis

405 3544 628 3610 iisdem
688 3545 823 3611 fere
888 3566 1051 3628 quae
1113 3550 1283 3630 apud
1329 3547 1735 3614 Cornificium
1796 3546 2303 3627 deprehenderat
2364 3544 2594 3623 verbis,

610 3798 666 3867 ‘')
704 3799 818 3862 Qua
860 3801 928 3856 de
963 3818 1024 3856 re
1071 3802 1292 3857 uberius
1349 3801 1651 3872 disputavit
1686 3801 1964 3857 Simonius
2021 3800 2247 3868 libello,
2305 3799 2595 3854 vernacula

408 3880 592 3951 lingua
632 3883 722 3951 qui
757 3884 1100 3941 inscribitur:
1138 3886 1236 3939 Die
1258 3886 1678 3942 Handschristen
1700 3889 1798 3943 der
1815 3887 2077 3942 Rhetorik
2101 3903 2164 3941 an
2186 3886 2508 3942 Herennius.
2534 3885 2596 3941 11.

406 3967 763 4038 Abtheilung.
837 3970 1145 4041 Programm
1183 3971 1281 4027 der
1317 3975 1367 4028 k.
1407 3973 1837 4028 Studienanstalt
1872 3972 2244 4027 Schweinfurt
2283 3975 2429 4027 1864.

576 4059 658 4126 **)
697 4057 879 4113 Velim
917 4059 1186 4131 conferas,
1223 4076 1359 4131 quae
1396 4058 1634 4115 diximus
1672 4059 1725 4113 in
1765 4059 1934 4130 praef.
1973 4073 2096 4130 pag.
2134 4061 2162 4112 7
2201 4072 2319 4128 sqq.

2151 4165 2188 4220 2
