3116 4613
544 254 641 334 20

537 463 733 528 verba
776 464 1289 532 ‘similitudinem
1325 460 1792 549 conferemus‘,
1852 467 2062 547 quoad
2100 467 2275 531 illum
2314 466 2524 530 locum
2555 458 2733 531 Cice·

537 584 905 666 romanum,
969 585 1021 648 si
1066 604 1194 648 non
1239 586 1675 665 incommoda,
1745 593 1811 650 at
1858 604 2329 667 supervacanea
2375 593 2438 650 et
2482 586 2734 650 inutilia

539 723 678 769 esse
724 705 1035 769 videntur.
1121 705 1247 769 Sed
1293 713 1438 773 sunt
1483 705 1780 791 ferenda3
1830 712 1975 771 sunt
2021 707 2164 787 alia,
2216 725 2379 787 quae
2424 705 2576 771 ferri
2622 724 2732 769 ne-

539 831 791 905 queant.
882 824 1035 900 Quis
1083 825 1247 889 enim
1293 846 1423 889 non
1467 827 1698 891 merito
1748 827 2194 908 reprehendat,
2245 828 2472 907 quibus
2520 829 2733 893 amba—

537 943 719 1022 gibus
766 943 847 1007 ad
893 943 1002 1007 illa
1046 946 1187 1026 ipsa
1233 947 1439 1011 oratio
1488 949 1965 1030 transducatur,
2016 949 2113 1013 sin
2160 948 2348 1013 aliter
2390 967 2543 1013 vera
2589 955 2732 1012 sunt

538 1061 835 1126 Cornifici
879 1066 1103 1146 verba,
1175 1084 1336 1146 quae
1397 1070 1708 1149 praebent
1766 1071 1847 1133 ad
1902 1088 2093 1133 unum
2139 1068 2273 1134 fere
2322 1088 2541 1134 omnes
2585 1069 2729 1133 libri

535 1200 727 1247 manu
764 1182 984 1263 scripti
1023 1185 1279 1254 ‘deinde
1302 1189 1398 1255 ad
1414 1196 1722 1257 nostram
1744 1209 2027 1257 eausam
2046 1189 2512 1275 pedetemptim
2532 1208 2730 1257 aece-

537 1301 844 1369 demus‘?
950 1303 1082 1369 Nec
1127 1306 1388 1388 mirum,
1461 1309 1631 1388 quod
1689 1309 1845 1372 nihil
1902 1307 2213 1373 eiusmodi
2270 1309 2309 1372 1.
2359 1309 2398 1372 1.
2447 1309 2732 1374 invenias

536 1421 706 1503 apud
764 1421 1154 1489 Ciceronem.
1247 1425 1373 1491 Sed
1437 1427 1713 1491 alienum
1775 1429 1896 1493 hoc
1962 1429 2218 1510 quidem
2283 1434 2381 1493 est
2442 1429 2634 1492 etiam
2693 1449 2732 1494 a

537 1542 875 1621 Cornificio
906 1562 1115 1624 neque
1152 1546 1406 1611 omnino
1437 1546 1787 1613 ferendum.
1837 1549 2101 1615 Accedit
2127 1550 2317 1631 quod,
2350 1569 2512 1631 quae
2535 1552 2734 1616 verba

533 1662 634 1726 hic
697 1663 863 1728 male
930 1682 1143 1729 rerum
1209 1667 1440 1732 seriem
1507 1668 1975 1753 interrumpere
2020 1672 2350 1750 videntur,
2413 1670 2538 1734 alio
2586 1671 2728 1734 loco

535 1801 725 1864 aegre
786 1784 1247 1851 desiderantur.
1340 1789 1702 1855 Redeamus
1768 1791 1851 1854 ad
1921 1810 2025 1870 ea,
2096 1810 2259 1871 quae
2330 1808 2522 1871 supra
2582 1788 2730 1853 reli-

538 1903 805 1983 quimus.
855 1904 1154 1985 Legimus
1213 1909 1390 1973 brevi
1440 1916 1624 1975 ante:
1727 1909 1984 1977 ‘deinde
2070 1930 2269 1996 quom
2366 1910 2480 1976 diu
2589 1927 2729 1976 rem

532 2026 945 2107 auarerimm,
1002 2026 1183 2094 nihi
1194 2029 1220 2095 l
1269 2032 1550 2098 simile
1605 2052 1650 2099 a
1704 2028 1898 2096 nobis
1947 2028 2206 2112 factum
2261 2027 2726 2095 ostendemus<

535 2148 699 2226 Quid
734 2150 849 2215 tibi
879 2152 1115 2220 videris
1143 2174 1370 2224 causae
1394 2159 1611 2241 fuisse,
1658 2180 1768 2225 cur
1797 2157 1983 2225 ‘nihil
2016 2157 2257 2226 simile(
2278 2154 2513 2222 Cornif.
2547 2174 2729 2222 usur-

532 2276 717 2351 paret
762 2290 878 2354 pro
933 2273 1107 2343 nihil
1146 2264 1320 2343 'nude
1383 2283 1596 2362 posito
1664 2287 1772 2347 aut
1839 2298 1955 2363 pro
2030 2279 2199 2347 nihil
2230 2278 2558 2347 eiusmodi
2620 2284 2730 2342 aut

535 2392 807 2473 denique
850 2412 966 2474 pro
1014 2396 1184 2465 nihil
1231 2417 1488 2487 eorum,
1540 2402 1711 2483 quod
1757 2401 1926 2466 idem
1972 2400 2010 2463 1.
2058 2400 2097 2463 l.
2148 2399 2435 2464 adhibuit
2459 2398 2731 2483 Cicero?

536 2510 773 2575 Verum
821 2513 987 2577 enim
1032 2530 1195 2581 vero'
1233 2540 1309 2584 ex
1355 2540 1430 2585 ea
1460 2525 1601 2604 ipsa
1643 2543 1732 2604 re,
1781 2522 1951 2604 quod
1976 2521 2183 2584 minus
2214 2519 2451 2584 usitato
2478 2519 2729 2583 dicendi

537 2651 770 2712 genere
830 2634 1019 2703 ‘nihil
1066 2641 1308 2729 similes
1357 2641 1594 2707 Cornif.
1660 2662 1810 2707 usus
1874 2646 2002 2721 est,
2066 2645 2176 2703 tuo
2247 2640 2384 2704 iure
2433 2639 2726 2721 conicias,

533 2754 984 2822 Similitudinis
1036 2763 1313 2843 aliquam
1339 2779 1562 2825 vocem
1592 2767 1655 2825 et
1678 2762 1740 2825 in
1778 2761 2212 2841 superioribus
2236 2759 2432 2825 fuisse
2461 2779 2726 2842 eamque

534 2902 661 2946 una
707 2902 847 2947 cum
896 2882 1036 2947 aliis
1082 2881 1400 2946 nonnullis
1446 2881 1658 2945 verbis
1713 2881 2122 2946 librariorum
2181 2882 2246 2946 in
2307 2880 2724 2946 describendo

534 3001 830 3066 socordia
875 3020 1014 3066 esse
1052 3002 1367 3066 omissam.
1415 3002 1666 3066 Accidit
1700 3009 1932 3083 autem,
1981 3009 2069 3086 ut,
2110 3021 2272 3083 quae
2311 3003 2501 3066 modo
2530 3001 2596 3065 in
2628 3020 2727 3066 se-

534 3121 872 3202 quentibus
896 3122 1106 3187 verbis
1141 3140 1331 3202 aegre
1362 3120 1628 3186 ferenda
1665 3128 1774 3186 aut
1812 3123 2067 3188 omnino
2106 3143 2237 3189 non
2281 3122 2546 3188 ferenda
2590 3122 2727 3186 visa

536 3251 710 3323 sunt,
781 3243 1002 3307 eadem
1050 3243 1115 3306 in
1159 3243 1325 3308 hunc
1372 3244 1582 3308 locum
1627 3245 1941 3309 translata
1988 3245 2294 3326 optimam
2340 3243 2723 3309 sententiani

535 3364 904 3444 praebeant,
954 3363 1149 3428 verba
1184 3363 1450 3428 dicimus
1483 3366 1748 3447 (omissa
1776 3364 2075 3429 videlicet
2107 3361 2420 3444 particula
2463 3363 2719 3448 deinde,

537 3501 726 3563 quam
788 3487 1034 3546 mutato
1102 3481 1352 3547 demum
1423 3483 1881 3549 sententiarum
1951 3482 2172 3547 ordine
2239 3480 2521 3546 additam
2584 3500 2723 3546 esse

536 3604 942 3686 perspicuum
991 3601 1114 3684 est)
1165 3600 1280 3670 ‘ad
1330 3610 1636 3670 nostram
1681 3622 1961 3671 eausam
2012 3603 2474 3689 pedetemptim
2511 3620 2723 3670 acee-

536 3725 763 3791 demus
831 3729 895 3790 el
963 3722 1459 3790 similitudinem
1539 3721 2002 3806 conferemus<
2090 3720 2311 3801 Neque
2389 3723 2555 3787 enim
2621 3722 2722 3785 hic

540 3841 1046 3909 ‘similitudinem
1079 3841 1530 3925 conferemus‘
1570 3842 1758 3906 inane
1786 3842 2093 3923 trahetur,
2144 3841 2244 3906 cui
2278 3841 2533 3924 egregie
2560 3860 2722 3907 nunc

532 3961 917 4043 respondeat
997 3961 1184 4030 ‘nihil
1257 3964 1469 4030 simile
1537 3982 1582 4030 a
1648 3962 1843 4029 nobis
1909 3962 2169 4045 factum
2251 3962 2715 4046 ostendemus‘,

532 4100 741 4166 neque
829 4081 942 4148 ‘ad
1019 4087 1323 4148 nostram
1401 4102 1684 4152 cansam
1761 4083 2226 4169 pedetemptim
2305 4081 2730 4154 aceedemns‘
