3116 4613
472 247 569 324 46

463 453 545 519 de
601 454 832 520 eadem
886 468 961 520 re
1014 470 1221 539 saepe
1277 453 1456 524 alius
1534 451 1727 522 aliud
1780 446 2157 520 decreverit
2210 458 2330 523 aul
2382 450 2660 527 iudica-

460 567 711 660 veritJ,
770 580 835 640 et
880 572 974 655 fit,
1039 563 1138 660 *[
1141 571 1255 639 UT
1303 574 1496 641 aliud
1547 573 1685 640 alio
1742 573 1955 640 iude'ci
2005 581 2125 641 aut
2170 579 2490 661 praetori
2541 583 2660 643 aut

462 692 731 758 {rimmo
778 692 1004 778 plebis
1050 693 1380 777 placitum·
1433 689 1628 781 sits‘

631 812 776 876 Non
811 811 1054 892 poteris
1095 831 1223 876 non
1256 815 1625 894 concedere,
1672 814 1828 879 nihil
1866 833 2005 879 esse
2047 814 2113 876 in
2156 813 2274 878 hac
2318 815 2658 878 verborum

464 930 903 1011 collocatione,
952 931 1122 1011 quod
1170 933 1440 1013 amplius
1484 939 1549 997 te
1600 932 1922 1012 offendat;
1967 952 2194 1014 neque,
2244 933 2351 1012 qui
2398 933 2481 997 sit
2510 933 2657 997 ‘fac-

460 1056 615 1129 tum,
677 1057 749 1112 ut
814 1049 979 1114 male
1041 1051 1107 1114 in
1171 1051 1350 1117 libris
1415 1055 1904 1134 perturbaretur
1956 1056 2145 1117 verus
2193 1053 2653 1118 sententiarum

466 1169 644 1249 ord0,
691 1169 908 1234 multis
957 1178 1117 1250 opus
1165 1178 1262 1234 est
1310 1192 1645 1254 exponere.

634 1289 874 1352 Iterum
899 1288 1278 1354 incurrimus
1307 1291 1372 1354 in
1401 1292 1613 1356 locum
1637 1291 1821 1356 unius
1846 1290 2138 1355 vocabuli
2159 1291 2659 1372 transpositione

459 1409 788 1487 vitiatum,
832 1407 1042 1472 locum
1090 1408 1390 1489 dicimus,
1438 1411 1546 1490 qui
1595 1417 1692 1474 est
1737 1410 1814 1474 de
1861 1410 2242 1491 purgatione
2286 1411 2377 1491 II,
2428 1412 2529 1491 16,
2576 1409 2660 1476 23

466 1535 614 1610 post
658 1529 741 1592 in.

674 1648 1024 1735 “Purqa-lio
1105 1653 1236 1731 est,
1330 1666 1527 1733 quom
1616 1650 1924 1717 consulto
2009 1668 2054 1715 a
2134 1649 2326 1715 nobis
2402 1647 2660 1731 factum

464 1786 809 1856 neptunus,
913 1765 1021 1834 Ea
1075 1767 1398 1835 dividitur
1451 1771 1520 1834 in
1561 1770 2135 1853 necessitudinem,
2190 1767 2656 1851 fortunam,

463 1885 1159 1974 inprudentiam.‘
1242 1951 1247 1959 ,

636 2006 803 2082 Quas
865 2006 1263 2087 purgationis
1319 2014 1537 2087 partes
1606 2010 1776 2089 quod
1837 2009 1962 2073 alio
2029 2027 2222 2088 supra
2275 2011 2506 2090 1,.14,
2579 2010 2660 2074 24

463 2127 628 2190 med.
678 2126 802 2190 alio
849 2124 951 2190 hic
998 2126 1218 2190 ordine
1266 2125 1551 2207 legimus,
1600 2128 1757 2191 nihil
1801 2128 2043 2193 referre
2090 2130 2281 2194 dicas.
2361 2128 2659 2209 Legimus

465 2246 632 2311 enim
679 2247 716 2310 l.
766 2246 804 2309 l.
868 2247 945 2310 de
1011 2247 1234 2312 eadem
1294 2265 1363 2310 re
1420 2245 1608 2311 haec:
1699 2249 2052 2335 ‘Purqatio
2090 2255 2208 2334 est,
2268 2267 2464 2334 quom
2497 2266 2657 2316 con-

463 2368 639 2434 sulto
697 2374 901 2453 necat
954 2386 1025 2433 se
1080 2386 1239 2434 reus
1288 2366 1586 2449 fecisse,-
1652 2387 1735 2434 ea
1792 2369 2111 2437 dividitur
2165 2372 2232 2436 in
2284 2368 2654 2451 fortunam,

463 2488 997 2573 inprudentiam,
1080 2488 1599 2554 necessitatem.‘
1698 2488 1919 2567 Neque
1972 2489 2174 2569 magis
2234 2494 2298 2552 te
2356 2486 2653 2567 offendet,

467 2608 639 2688 quod
682 2607 860 2671 brevi
904 2612 1052 2688 post
1097 2608 1190 2686 II,
1260 2606 1368 2686 17,
1434 2608 1515 2671 25
1581 2608 1663 2672 in.
1712 2608 2050 2671 verborum
2097 2607 2384 2671 ordinem
2432 2608 2656 2687 depre-

464 2727 705 2824 hendas
762 2726 1004 2807 pariter
1064 2727 1143 2790 ab
1205 2733 1477 2814 utroque
1539 2725 1660 2790 hoc
1721 2727 2199 2791 abhorrentem:
2287 2727 2656 2813 ‘Depreca-

464 2853 642 2918 tione
697 2856 983 2933 utemur,
1057 2868 1253 2933 quom
1304 2847 1672 2930 fatebimur
1747 2866 1872 2914 nos
1939 2866 2269 2933 peccasse
2322 2865 2531 2932 neque
2585 2846 2658 2911 id

465 2969 891 3056 inprudentis
947 2974 1066 3035 auc
1114 2967 1401 3050 fortuito
1459 2973 1580 3034 aut
1624 2970 2015 3035 necessario
2068 2966 2315 3049 fecisse
2358 2968 2653 3033 dicemus

467 3095 534 3157 et
587 3094 805 3156 conten
861 3091 1126 3174 iqnoscz'
1175 3087 1368 3154 nobis
1432 3085 1982 3172 postulabimus.‘
2029 3085 2259 3151 Maiori
2298 3091 2509 3149 autem
2541 3085 2656 3149 tibi

468 3208 590 3273 erit
630 3207 983 3288 offensioni,
1031 3208 1201 3288 quod
1236 3208 1301 3271 in
1333 3207 1442 3271 illo
1473 3208 1715 3286 ordine,
1764 3226 1950 3287 quem
1986 3213 2205 3271 nostro
2245 3207 2387 3271 loco
2416 3205 2651 3270 Cornif.
2723 3267 2730 3274 .

467 3330 533 3393 in
559 3328 912 3392 dividendis
936 3327 1334 3407 purgationis
1358 3328 1649 3408 partibus
1669 3327 2050 3408 instituerat,
2086 3346 2485 3408 nequaquam
2513 3346 2654 3391 eum

469 3449 721 3514 stetisse
765 3448 1052 3513 videmus
1097 3446 1162 3509 in
1207 3446 1431 3511 iisdem
1470 3430 1597 3513 illis
1630 3448 1920 3530 partibus
1951 3447 2209 3512 uberius
2246 3444 2651 3526 explicandis.

467 3568 714 3633 Accidit
742 3566 926 3647 enim,
973 3573 1044 3630 ut
1080 3568 1354 3648 primum
1385 3568 1758 3634 disseruerit
1804 3569 1882 3633 de
1927 3565 2415 3645 necessitudine,
2466 3582 2654 3644 quam

467 3693 530 3752 et
554 3687 620 3750 in
647 3687 1088 3770 propositione
1132 3689 1405 3769 primum
1442 3691 1652 3754 locum
1683 3694 1903 3753 tenere
1943 3688 2399 3769 perspeximus,
2445 3692 2653 3750 trans-

464 3806 613 3872 ierit
682 3808 912 3873 deinde
974 3809 1054 3872 ad
1123 3808 1631 3890 inprudentiam,
1718 3810 1894 3874 cuius
1959 3810 2024 3872 in
2089 3809 2201 3872 illa
2263 3808 2441 3871 locus
2516 3812 2653 3870 erat

465 3927 713 4007 tertius,
778 3929 1142 4009 pervenerit
1207 3929 1478 4009 denique
1525 3930 1608 3993 ad
1651 3928 2009 4009 fortunam,
2080 3930 2256 3994 cuius
2301 3929 2431 3992 illic
2475 3929 2654 3992 locus

471 4052 608 4109 erat
652 4048 916 4112 medius.
1009 4048 1192 4124 Quod
1234 4058 1414 4116 tanto
1464 4071 1659 4133 opere
1706 4051 2007 4116 abhorret
2053 4069 2091 4114 a
2141 4049 2455 4113 communi
2502 4048 2655 4114 scri-
