3116 4613
2489 282 2580 356 19

391 497 632 560 0011303,
681 480 759 544 (10
799 499 925 560 qua
956 479 1258 544 iudicium
1296 478 1699 560 proferretur
1737 486 1800 545 et
1836 499 1999 561 quae
2032 449 2349 562 ageretur,
2399 490 2585 563 esset,

396 600 509 663 sed
555 600 621 662 id
666 599 871 663 solum
916 601 1211 681 spectari,
1259 606 1474 663 utrum
1520 600 1759 665 similes
1797 607 2028 681 essent,
2077 620 2157 666 an
2196 601 2364 667 forte
2401 603 2591 682 plane

397 719 694 798 eaedem,
765 718 935 799 quod
998 719 1052 782 si
1115 737 1243 783 11011
1309 724 1505 807 esset,
1581 721 1836 785 omnino
1908 741 2016 786 eas
2085 722 2254 786 inter
2320 742 2389 786 se
2461 741 2590 786 non

400 856 541 901 esse
586 838 1089 919 0011111010111103.ι

567 958 653 1020 Et
710 978 828 1023 1103
888 960 1144 1040 quidem
1197 979 1326 1024 non
1385 960 1806 1041 impediemus
1852 960 2368 1041 Ostmannum,
2438 981 2595 1044 quo-

394 1076 601 1141 minus
630 1078 1066 1159 amplitudinis
1106 1098 1438 1145 causarum
1482 1081 1874 1154 mentionem
1920 1066 2022 1143 hic
2069 1080 2209 1144 fieri
2253 1082 2593 1163 vituperet,

389 1197 579 1261 modo
627 1216 707 1261 ne
751 1198 1200 1281 interpolatori
1243 1201 1311 1264 id
1354 1200 1509 1264 vitio
1557 1206 1794 1280 vertat,
1858 1200 2056 1280 quod,
2121 1220 2261 1265 cum
2308 1203 2477 1267 idem
2526 1210 2588 1268 et

393 1317 459 1380 in
485 1317 605 1382 hoc
629 1317 794 1383 libro
827 1325 890 1383 et
927 1319 993 1383 in
1021 1320 1346 1386 Ciceronis
1372 1327 1510 1384 arte
1533 1320 1785 1399 legatur
1820 1319 2060 1399 optimo
2092 1337 2346 1399 quoque
2372 1320 2592 1385 codice

392 1437 694 1518 oblatum,
744 1440 1160 1520 scriptoribus
1196 1441 1352 1521 ipsis
1389 1439 1649 1504 dubium
1691 1457 1821 1502 non
1862 1443 1959 1502 est
1997 1437 2148 1518 quin
2179 1438 2246 1501 in
2277 1439 2593 1503 rationem

394 1558 474 1622 sit
506 1559 959 1639 inducendum3
1007 1563 1387 1641 praesertim
1418 1580 1578 1640 cum,
1628 1562 1711 1624 ad
1735 1560 2107 1624 Ciceronem
2142 1558 2312 1638 quod
2343 1559 2592 1639 attinet,

389 1678 573 1744 unius
617 1679 997 1762 Victorini*)
1045 1681 1478 1746 testimonium
1527 1700 1778 1746 omnem
1825 1680 2011 1745 nobis
2058 1678 2422 1760 scrupulum
2462 1680 2592 1743 exi-

388 1821 563 1866 mere
611 1808 925 1883 oporteat.
1018 1802 1135 1897 Qui
1191 1805 1289 1867 vir
1347 1811 1409 1868 et
1465 1804 1606 1885 ipsa
1662 1801 1774 1865 illa
1828 1799 2024 1864 verba
2067 1799 2350 1863 laudavit
2398 1806 2461 1864 et
2507 1800 2588 1864 ad

386 1920 552 1984 hunc
612 1922 870 1984 modum
936 1922 1329 2003 explanavit:
1412 1922 1748 1990 ‘Deinde
1803 1920 2144 1987 eandem
2200 1926 2341 1985 aul
2393 1938 2590 1987 oon—

387 2041 745 2107 similem
825 2048 972 2108 ant
1038 2046 1434 2111 maiorem
1506 2049 1656 2110 aut
1736 2043 2142 2107 minorem
2216 2042 2363 2125 aqi
2429 2058 2592 2106 rem

386 2162 467 2225 in
529 2164 1040 2245 praesencia
1106 2155 1749 2248 demonstrare]
1827 2162 2066 2228 etenim
2118 2175 2379 2243 semper
2425 2165 2588 2243 post

388 2280 760 2366 exemplum
850 2278 1177 2363 facienda
1266 2290 1369 2352 esc
1453 2282 1903 2368 comparatio.
2044 2277 2592 2363 Comparatio

380 2418 650 2485 porro
724 2417 938 2467 nune
1009 2420 1054 2467 a
1115 2407 1352 2488 pari,
1434 2420 1641 2469 nune
1712 2420 1757 2467 a
1828 2400 2174 2480 maiori,
2259 2416 2479 2463 nuno
2548 2418 2593 2463 o-

393 2520 702 2586 minori
765 2537 1093 2605 sempe-r
1153 2520 1329 2604 fiat
1393 2539 1736 2588 necesse
1804 2519 1976 2586 est‘.

562 2645 697 2708 Iam
745 2653 1029 2727 opponat
1071 2647 1225 2711 mihi
1263 2648 1526 2729 aliquis:
1577 2666 1727 2713 cave
1759 2665 1840 2710 ne
1874 2645 2071 2712 facias
2101 2644 2588 2727 ineptissimum,

392 2764 497 2844 qui
545 2763 871 2831 Ciceronis
929 2765 1297 2835 vedaste...
1357 2739 1862 2836 demonstrare?
1906 2765 2139 2829 dixeris
2195 2764 2588 2845 respondere

392 2885 688 2951 Cornifici
736 2879 878 2953 ‘aut
931 2888 1012 2953 cle
1066 2888 1299 2955 eadem
1352 2894 1472 2955 (uel
1525 2889 1607 2955 de
1661 2891 1920 2955 minore
1974 2894 2093 2952 aut
2149 2886 2230 2951 de
2282 2884 2589 2953 maiore‘.

392 3006 554 3083 Quid
613 3009 786 3088 quod
840 3008 1015 3072 brevi
1076 3016 1224 3088 post
1286 3007 1555 3088 legimus
1620 3007 1789 3088 apud
1850 3007 2122 3071 eundem
2194 3005 2449 3073 ‘deinde
2479 3059 2493 3073 .
2525 3059 2539 3073 .
2577 3059 2591 3073 .

389 3128 887 3197 similitudinem
980 3126 1485 3210 eonferemus‘?
1599 3127 1762 3203 Quid
1840 3125 2011 3189 aliud
2084 3125 2415 3190 arbitraris
2495 3124 2594 3188 his

393 3246 605 3311 verbis
669 3245 905 3311 Cornif.
971 3248 1204 3313 dixisse
1267 3247 1389 3311 nisi
1453 3247 1625 3327 quod
1689 3245 1859 3310 idem
1923 3245 2275 3326 significent
2336 3243 2447 3308 illa
2492 3242 2594 3306 Ci-

395 3369 784 3433 ceroniana?
876 3367 1002 3432 Sed
1046 3368 1251 3433 habeo
1300 3367 1471 3447 quod
1521 3372 1746 3430 contra
1792 3365 2014 3430 dicam.
2106 3365 2194 3429 Ut
2256 3365 2423 3429 enim
2481 3364 2592 3428 illo

399 3487 541 3551 loco
596 3486 1016 3551 Ciceroniano
1078 3487 1235 3550 nihil
1296 3507 1424 3551 non
1486 3493 1663 3550 recte
1711 3504 1778 3550 se
1823 3484 2060 3549 habere
2106 3484 2388 3563 videtur,
2455 3502 2595 3547 cum

399 3624 561 3685 quae
607 3606 823 3686 priore
869 3608 1188 3673 sententia
1240 3608 1520 3672 breviter
1585 3611 1766 3672 erant
1828 3609 2202 3687 praecepta,
2269 3604 2471 3668 altera
2528 3604 2595 3668 in

397 3726 677 3805 singulas
721 3733 939 3807 partes
986 3728 1476 3810 distribuantur,
1522 3731 1615 3794 ita
1658 3729 1718 3792 h.
1770 3728 1832 3808 l.,
1879 3728 1987 3792 11111
2031 3727 2098 3791 111
2141 3744 2330 3789 unam
2379 3725 2591 3789 omnia

396 3845 775 3911 sententiam
846 3847 1304 3928 comprehensa
1368 3850 1696 3914 videamus
1768 3866 1934 3928 esse,
2007 3864 2169 3927 quae
2236 3851 2591 3926 sequuntur

566 3998 618 4065 ²¹¹)
657 3995 714 4052 C.
764 3997 915 4052 Marii
971 3999 1232 4054 Victorini
1293 4000 1575 4070 expositio
1636 4000 1688 4054 in
1741 3998 2016 4054 rhetorica
2055 3998 2375 4064 Ciceronis»,
2435 4012 2594 4062 quam

400 4066 562 4207 {alig
596 4066 863 4192 Ι11111838101113
900 4068 1041 4138 apud
1079 4067 1363 4138 Orellium,
1404 4069 1476 4125 Μ.
1510 4069 1563 4125 Τ.
1597 4068 1882 4123 Ciceronis
1921 4083 2109 4141 opera,
2144 4066 2258 4121 vol.
2286 4066 2349 4122 V.
2388 4070 2524 4136 part.
2546 4066 2588 4135 Ι,

2119 4207 2183 4260 20
