3116 4613
2530 256 2624 333 417

432 458 625 530 bendi
670 480 807 542 usu,
854 463 924 524 ut
968 458 1357 542 persuadere
1401 458 1556 526 mihi
1600 482 1730 527 non
1774 460 2032 543 possim,
2079 469 2253 527 recte
2291 482 2358 528 se
2390 461 2628 530 habere

437 581 899 664 propositionis
946 581 1253 646 ordinem.
1343 581 1472 645 Par
1518 583 1687 646 enim
1734 589 1873 646 erat
1920 582 2155 647 Cornif.
2206 590 2315 646 aut
2361 584 2630 648 eundem

435 720 622 782 quem
667 702 733 765 in
778 700 1218 781 propositione
1266 701 1633 765 instituerat
1680 702 1969 766 ordinem
2027 703 2367 767 observare
2413 704 2478 766 in
2525 685 2628 768 ex-

432 821 801 903 planatione
848 826 984 900 aut,
1046 819 1487 885 deflectentem
1546 821 1625 884 ab
1657 800 1658 803 Ἴ
1696 834 1834 901 eo,=
1871 840 2124 886 causam
2188 823 2628 902 rationemque

435 941 571 1005 eius
614 941 711 1004 rei
756 939 1044 1004 reddere.
1124 939 1315 1001 Haud
1362 938 1640 1002 alienum
1685 940 1887 1004 visum
1936 947 2032 1004 est
2079 941 2387 1022 conferre,
2438 960 2627 1022 quam

434 1061 750 1123 rationem
797 1058 916 1121 hac
962 1058 1027 1121 in
1075 1076 1145 1121 re
1194 1064 1449 1122 secutus
1498 1066 1668 1125 esset
1717 1060 1961 1124 Cicero,
2054 1056 2372 1142 Scriptum
2420 1068 2631 1124 autem

440 1185 536 1243 est
584 1180 662 1242 de
709 1179 830 1242 inv.
880 1179 939 1259 Ι,
990 1179 1100 1258 11,
1140 1177 1229 1242 ’15
1277 1179 1441 1242 med.
1537 1178 1745 1246 ‘Haec
1788 1176 1937 1268 [sc.
1975 1152 2627 1269 puryatioffparles

435 1299 637 1366 habet
664 1304 849 1366 tres:
894 1298 1412 1384 inprudentiam,
1441 1317 1695 1382 casum,
1728 1298 2220 1366 necessitatem‘
2239 1306 2303 1364 et
2319 1301 2400 1380 Π,
2428 1301 2526 1381 31,
2548 1300 2631 1365 91

439 1425 593 1482 extr.
646 1418 801 1482 item
849 1416 953 1484 ‘ea-
1005 1416 1206 1484 habet
1250 1423 1493 1513 parles
1546 1422 1732 1484 tres:
1784 1419 2300 1503 inprudentiam,
2376 1439 2629 1505 casum,

435 1535 1030 1621 necessitudinem‘,
1081 1554 1269 1616 quem
1316 1535 1586 1599 eundem
1632 1535 1740 1599 ille
1788 1537 2077 1601 ordinem
2125 1544 2188 1602 et
2232 1539 2298 1602 in
2340 1542 2633 1620 sequenti

440 1657 869 1738 disputatione
896 1657 1176 1720 retinuit.
1222 1656 1446 1736 Neque
1468 1654 1710 1719 veroin
1732 1658 2167 1737 proponendis
2193 1657 2633 1740 explanandis-

437 1795 558 1857 que
603 1783 849 1841 tantum
903 1777 1028 1841 illis
1063 1778 1253 1840 rebus
1282 1776 1655 1841 Ciceronem
1689 1778 1957 1842 eundem
1988 1778 2166 1843 illum
2206 1780 2491 1845 ordinem
2537 1781 2631 1843 in-

437 1899 720 1963 stituisse
756 1899 1062 1976 videmus,
1110 1897 1222 1961 sed
1269 1897 1564 1962 absoluta
1603 1897 1795 1965 etiam
1839 1898 2268 1978 disputatione
2299 1900 2380 1980 II,
2423 1901 2521 1979 32,
2549 1900 2629 1964 99

435 2017 621 2097 med.‚
672 2017 1219 2097 quotienscunque
1268 2019 1486 2081 earum
1532 2037 1747 2081 rerum
1790 2018 2177 2082 mentionem
2237 2017 2419 2101 fecit,
2486 2038 2629 2084 eum

439 2138 726 2200 ordinem
795 2136 1173 2214 observavit,
1242 2142 1313 2198 ut
1379 2155 1570 2199 unam
1638 2139 2031 2218 eandemque
2115 2158 2336 2203 vocem
2415 2140 2626 2204 medio

439 2276 689 2338 semper
732 2257 874 2323 loco
922 2262 1209 2338 poneret.
1301 2256 1472 2333 Quos
1531 2277 1750 2324 omnes
1810 2261 1986 2326 locos
2052 2259 2105 2324 si
2152 2259 2625 2341 contulerimUS,

437 2400 565 2443 non
609 2380 961 2461 poterimus
1006 2399 1135 2443 non
1181 2379 1508 2459 suspicari,
1554 2379 1874 2443 hominem
1906 2377 2250 2458 falsarium,
2300 2365 2470 2459 quod
2499 2398 2629 2443 me-

435 2501 723 2565 minisset
770 2499 1094 2582 fortunae
1149 2517 1262 2563 seu
1299 2516 1504 2565 casus
1547 2499 1924 2562 vocabulum
1957 2498 2167 2562 medio
2201 2516 2452 2589 semper
2485 2500 2626 2564 loco

441 2639 507 2684 se
546 2620 778 2700 legisse
812 2619 980 2699 apud
1007 2618 1402 2697 Ciceronem,
1450 2617 1626 2680 nulla
1655 2618 1981 2698 sequentis
2021 2618 2483 2697 explanationis
2519 2617 2630 2681 ha-

440 2740 574 2805 bita
618 2740 866 2804 ratione
929 2740 1209 2804 medium
1277 2738 1737 2819 propositionis
1802 2739 2012 2803 locum
2080 2745 2142 2802 et
2208 2740 2273 2802 in
2333 2737 2630 2804 Cornifici

443 2867 579 2925 arte
619 2860 825 2924 eidem
852 2860 1160 2925 vocabulo
1189 2858 1577 2939 adsignasse.
1625 2862 2061 2925 Restituamus
2099 2860 2291 2940 igitur
2314 2860 2629 2940 integrum

443 2981 731 3044 ordinem
776 2980 973 3044 hunc:

649 3100 999 3188 ‘Purqatio
1056 3106 1175 3183 est,
1235 3120 1431 3187 quom
1488 3099 1795 3167 consulto
1853 3118 1898 3165 a
1949 3098 2145 3165 nobis
2196 3097 2457 3180 fuctum
2512 3105 2626 3164 ηε-

438 3239 698 3307 qumus.
753 3219 860 3285 Eu
903 3222 1224 3288 dividitur
1251 3223 1319 3287 in
1353 3220 1927 3301 necessitudinem,
1968 3210 2625 3305 *[inprudentiam],

452 3336 487 3372 *
496 3335 983 3430 [forlunan‘.
1833 3406 1841 3418 ,

613 3461 1080 3541 Propositionis
1123 3458 1294 3524 haud
1342 3460 1529 3526 dubie
1596 3464 1659 3524 et
1702 3459 1823 3523 hoc
1869 3458 2011 3521 loco
2061 3462 2123 3519 et
2167 3457 2215 3536 Ι,
2266 3454 2367 3536 14,
2414 3454 2498 3519 24
2544 3455 2626 3521 in.

448 3581 868 3645 disturbatum
917 3582 1203 3646 ordinem
1253 3579 1825 3661 deprehendimus;
1888 3584 2019 3657 est,
2067 3576 2173 3640 ubi
2218 3594 2344 3639 non
2393 3594 2630 3656 propo-

448 3701 694 3765 sitionis
781 3701 895 3765 sed
976 3700 1440 3782 explanationis
1510 3699 1771 3762 vitiatus
1862 3697 2017 3760 ordo
2105 3714 2245 3759 esse
2315 3696 2625 3762 videatur.

447 3820 641 3885 Cuius
688 3820 783 3883 rei
832 3821 1210 3884 documento
1261 3820 1382 3884 erit
1428 3820 1509 3899 ΙΙ,
1558 3817 1659 3896 23,
1711 3816 1809 3880 35.

623 3938 1003 4008 '‘Vitiosa
1056 3944 1297 4008 ratio
1354 3946 1507 4022 est,
1575 3955 1749 4023 quae
1804 3937 1899 4002 ad
1949 3936 2437 4021 eoepositionem
2492 3952 2627 4003 non

442 4078 541 4140 est
570 4070 1089 4139 adcommodata
1124 4068 1231 4137 vel
1246 4073 1537 4156 propter
1573 4065 1903 4158 infirmi
1916 4069 2173 4131 tatem
2211 4064 2318 4131 vel
2337 4070 2628 4149 propter
