3116 4613
430 255 534 327 ‘38

431 459 573 524 rula
618 462 865 522 tantum
910 462 1188 538 mutata,
1236 453 1474 521 habent
1532 453 1807 521 ‘existat
1830 452 1879 539 ,ί
1939 454 2200 521 iubeant
2271 454 2398 538 legi
2484 474 2631 522 ean-

436 581 577 644 dem
624 577 897 642 formam
943 577 1219 659 priscam
1269 574 1509 643 ‘escz‘tf
1619 574 1914 655 Accedit,
2001 577 2172 657 quod
2229 596 2631 658 nequaquam

429 700 705 764 alienum
779 703 916 761 erat
978 681 1086 760 ab'
1124 696 1295 760 illius
1356 687 1588 759 aetatis
1652 694 1970 760 scribendi
2017 699 2502 777 consuetudine,
2564 700 2631 762 in

430 819 764 883 laudandis
834 817 1181 898 praecipue
1247 815 1585 879 duodecim
1645 816 2005 881 tabularum
2063 818 2312 899 legibus
2379 820 2629 899 priscae

429 938 768 1003 latinitatis
816 936 1137 1017 specimen
1200 936 1370 999 dare.
1465 935 1592 998 Sed
1660 952 1773 998 suo
1840 936 1977 1001 iure
2040 937 2435 1018 impugnavit
2493 958 2633 1003 eam

432 1061 773 1125 lectionem
797 1057 1218 1121 Ernestius
1246 1055 1481 1135 dicens,
1529 1073 1658 1118 non
1680 1056 2111 1120 necessarium
2148 1076 2286 1123 esse
2309 1064 2632 1124 auctorem

434 1181 609 1261 leges
656 1178 889 1242 afferre
932 1176 1210 1242 voluisse
1259 1175 1605 1240 secundum
1651 1173 2036 1239 latinitatem
2079 1177 2372 1257 priscam.
2453 1177 2635 1243 Adde

439 1299 611 1379 quod
659 1304 722 1362 et
766 1298 832 1361 in
879 1316 956 1362 ea
999 1297 1160 1377 lege,
1212 1313 1401 1375 quam
1446 1294 1640 1357 tertio
1687 1294 1830 1357 loco
1880 1293 2155 1358 offerunt
2181 1296 2418 1360 Cornif.
2468 1298 2632 1376 libri,

443 1416 974 1505 ‘paterfamilias
1026 1418 1130 1483 ati
1180 1433 1387 1500 saper
1438 1413 1709 1497 familia
1764 1412 1933 1498 sqq.‘
2068 1415 2441 1480 Ciceronem
2510 1417 2638 1498 pri-

441 1556 611 1602 scam
649 1536 919 1600 formam
987 1533 1314 1623 ‘leqassil‘
1397 1553 1742 1615 usurpasse
1782 1533 2087 1615 videmus,
2138 1554 2327 1615 quam
2358 1531 2635 1601 eandem

444 1665 669 1723 contra
712 1659 1020 1723 librorum
1068 1655 1513 1720 auctoritatem
1563 1653 1732 1734 apud
1773 1652 2177 1718 Cornificium
2208 1656 2638 1736 recipiendam

443 1797 583 1843 esse
609 1784 788 1842 ratus
815 1783 911 1842 est
933 1775 1360 1841 Schuetziu
1375 1794 1421 1839 s.
1467 1773 1605 1849 Qua
1628 1772 1693 1835 in
1717 1779 1989 1852 utraque
2013 1793 2083 1838 re
2110 1780 2180 1838 ut
2215 1775 2472 1840 dubium
2501 1794 2639 1842 esse

411 1897 688 1978 nequit,
738 1896 888 1978 quin
930 1896 1104 1959 nullo
1151 1895 1290 1960 iure
1339 1915 1376 1959 a
1420 1894 1729 1958 librorum
1794 1891 1901 1985 ille
1945 1893 2221 1957 lectione
2268 1895 2638 1974 recesserit,

443 2018 535 2081 ita
565 2016 780 2081 nescio
829 2036 910 2080 an
954 2016 1262 2080 maiorem
1300 2015 1492 2080 etiam
1524 2012 1874 2077 meruerint
1902 2012 2483 2092 reprehensionem,
2534 2015 2641 2094 qui

445 2137 675 2200 mirum
719 2136 785 2198 in
828 2136 1087 2199 modum
1132 2153 1345 2199 secum
1406 2133 1528 2214 ipsi
1588 2136 1942 2213 pugnantes
2002 2131 2272 2195 alterum
2335 2133 2643 2214 intempe-

449 2256 609 2321 stive
659 2254 1088 2320 concesserint
1145 2238 1594 2332 Schuetzio,
1644 2250 1916 2315 alterum
1964 2252 2045 2316 ad
2104 2249 2393 2316 codicum
2456 2248 2644 2315 fidem

449 2376 848 2441 retinuerint.
910 2373 1102 2437 Velut
1125 2373 1486 2437 Klotzius
1545 2358 1756 2439 ‘eseil‘
1846 2371 2280 2452 recipiendum
2386 2374 2644 2452 curavit,

453 2492 804 2584 ‘leym-siff,
842 2491 1015 2577 quod
1061 2495 1328 2558 eandem
1373 2500 1567 2573 atque
1613 2492 1769 2557 illud
1826 2491 2143 2556 rationem
2190 2500 2493 2574 sequatur
2538 2512 2646 2557 ne-

460 2634 637 2680 cesse
685 2621 800 2695 est,
847 2613 1225 2696 repudiavit.

627 2733 762 2796 Iam
808 2733 890 2796 ad
943 2733 1119 2796 illam
1184 2731 1392 2812 legem
1452 2733 1625 2812 quod
1683 2732 1931 2810 attinet,
2009 2751 2172 2812 quae
2234 2731 2436 2795 altero
2502 2730 2646 2794 loco

457 2852 636 2916 libris
685 2851 971 2932 offertur,
1018 2851 1214 2916 verba
1260 2851 1558 2915 dicimus:
1599 2848 1758 2936 ‘Qui
1804 2858 2154 2937 parentem
2202 2868 2487 2918 necasse
2538 2855 2652 2920 ia-

460 2981 734 3050 diealas
789 2983 948 3065 erit,
1005 2986 1080 3047 at
1127 2981 1194 3047 is
1249 2978 1608 3045 obvolutus
1664 2985 1728 3045 et
1781 2979 2119 3066 obliqalus
2188 2981 2378 3049 corio
2450 2979 2651 3046 deve-

458 3107 668 3174 hatur
705 3110 774 3174 in
798 3104 1279 3193 profluentem‘,
1344 3124 1473 3169 non
1531 3107 1850 3172 dubitabis
1912 3107 2125 3171 facere
2183 3126 2321 3171 cum
2367 3107 2474 3187 iis,
2545 3107 2651 3186 qui

458 3226 623 3291 male
687 3246 827 3290 eam
891 3225 1190 3290 similium
1253 3225 1463 3306 legum
1521 3227 1751 3291 seriem
1812 3227 2277 3309 interrumpere
2323 3229 2651 3306 putarunt.

463 3347 589 3411 Sed
636 3357 806 3426 cave,
852 3365 933 3410 ne
981 3346 1134 3425 quid
1156 3364 1590 3427 praepropere
1638 3347 1916 3411 animum
1970 3346 2233 3411 inducas
2280 3346 2651 3426 exstirpare,

464 3467 636 3547 quod
705 3485 784 3530 ne
848 3466 1374 3548 interpolatorem
1446 3465 1703 3545 quidem
1777 3484 1969 3531 sanae
2035 3466 2266 3530 mentis
2326 3465 2474 3530 huic
2526 3459 2654 3545 ipsi
2763 3483 2783 3504 ⁴

463 3586 605 3649 loco
663 3585 973 3651 adiecisse
1031 3584 1362 3665 probabile
1424 3590 1538 3648 est.
1630 3586 1749 3649 Est
1812 3585 1979 3649 enim
2041 3586 2142 3650 vel
2205 3585 2411 3666 prima
2473 3584 2655 3647 facti-

466 3705 699 3768 tandae
746 3704 902 3769 artis
951 3703 1209 3767 criticae
1255 3703 1419 3767 ratio
1460 3703 1639 3784 haec,
1686 3722 1767 3768 ne
1814 3706 1966 3785 quid
2001 3705 2324 3768 deleamus
2370 3705 2434 3767 in
2477 3704 2656 3768 libris

469 3822 802 3902 traditum,
863 3823 986 3888 nisi
1043 3841 1265 3888 causas
1325 3823 1840 3904 cognoverimuS,
1920 3824 1998 3888 de
2045 3823 2272 3903 quibus
2316 3822 2511 3887 verba
2556 3842 2657 3887 su-

471 3948 691 4023 specta
734 3942 799 4006 in
844 3948 1085 4006 textum
1130 3941 1524 4022 irrepserint.
1596 3941 1778 4017 Quod
1826 3942 2044 4007 dubito
2092 3961 2173 4006 an
2216 3942 2319 4040 bic
2364 3941 2504 4006 fieri
2549 3961 2656 4005 ne-

474 4067 684 4144 queat.
772 4060 995 4143 Neque
1042 4062 1209 4127 enim
1254 4061 1381 4125 alia
1426 4061 2079 4143 circumspicientibus
2138 4061 2323 4127 nobis
2384 4061 2519 4126 eius
2564 4061 2659 4126 rei
