3116 4613
424 246 513 322 16

412 466 495 512 se
526 445 652 512 fert
688 444 1185 517 'emendationis
1255 447 1684 535 suspicionem
1749 448 2260 537 interpolatoris,
2321 451 2430 538 qui
2489 448 2611 521 hoc

411 569 602 663 modo
687 568 927 649 optime
996 571 1248 653 explere
1309 573 1430 638 31111
1512 575 1683 640 visus
1764 574 1872 640 sit
1923 576 2229 641 librorum
2298 578 2609 641 lacunam.

410 691 614 754 Multo
703 691 963 756 maioris
1032 699 1128 757 est
1197 696 1545 775 momenti,
1638 696 1808 775 quod
1863 697 2130 776 praebet
2176 703 2434 777 praeter
2503 697 2611 761 de-

410 811 666 875 terioris
733 818 925 876 notae
990 812 1237 893 aliquos
1299 814 1550 878 codices
1619 816 2206 894 praestantissimus
2270 817 2376 880 ille
2421 817 2609 880 Bam-

411 928 738 1007 bergensis
801 929 926 994 423
992 932 1119 1014 (11),
1198 951 1386 1012 quem
1457 934 1687 997 librum
1751 935 1891 998 XII.
1963 935 2216 999 saeculo
2284 942 2610 1000 exaratum

413 1069 488 1114 ex
533 1051 972 1131 antiquissimo
1023 1053 1309 1133 exemplo
1363 1073 1476 1117 seu
1522 1054 1867 1135 archetypo
1914 1055 2366 1135 transcriptum
2414 1056 2528 1118 Ka
2541 1076 2610 1136 y-

412 1191 640 1237 301113
710 1173 1066 1253 suspicatus
1136 1179 1262 1253 est,
1329 1176 1880 1241 Destinonius
1939 1175 2327 1256 gravissimis
2385 1181 2447 1238 01
2506 1174 2610 1238 fir-

408 1292 708 1356 missimis
755 1295 1144 1373 argumentis
1190 1291 1399 1373 fulsit,
1467 1294 1561 1357 ita
1604 1301 1674 1357 ut
1719 1295 1847 1358 iam
1903 1313 2088 1358 nemo
2149 1294 2227 1358 de
2291 1295 2425 1357 eius
2484 1293 2611 1357 vir-

410 1413 654 1476 tutibus
701 1412 992 1477 dubitare
1037 1415 1260 1495 possit.
1352 1414 1515 1489 Quid
1563 1415 1758 1495 igitur
1802 1415 2095 1494 impedit,
2162 1414 2499 1494 quominus
2543 1414 2609 1477 in
2678 1393 2680 1396 Δ

408 1531 570 1595 hanc
619 1532 800 1613 quasi
847 1550 1056 1596 arcem
1103 1532 1509 1615 refugiamus,
1560 1534 1613 1599 si
1656 1535 1848 1598 modo
1893 1534 2064 1614 quod
2108 1535 2383 1615 petimus
2429 1534 2603 1598 auxi-

407 1651 561 1716 lium
606 1653 694 1716 ibi
739 1651 1142 1719 invenimus?
1231 1654 1520 1719 Servavit
1567 1674 1719 1720 sane
1763 1654 1866 1719 hic
1910 1655 2072 1720 liber
2138 1675 2214 1719 ex
2260 1654 2605 1736 archetypo

413 1790 488 1835 ea
543 1771 763 1853 plena,
835 1791 1104 1852 quorum
1172 1781 1356 1855 parte
1417 1775 1621 1840 altera
1686 1781 1903 1841 carent
1969 1774 2384 1839 vetustissimi
2442 1774 2606 1854 libri,

409 1891 605 1955 verba
635 1891 775 1956 dico
830 1891 991 1960 ‘rem
1029 1913 1162 1961 non
1194 1894 1537 1980 hominem,
1580 1895 1901 1963 hominem
1937 1914 2073 1962 non
2105 1886 2382 1981 rem‘.*)
2434 1893 2608 1969 Quae

407 2010 621 2092 lecti0,
667 2017 738 2074 ut
770 2013 974 2093 primo
1013 2015 1226 2079 statim
1259 2016 1567 2095 adspectu
1599 2014 1806 2080 minus
1840 2015 1957 2079 tibi
1995 2013 2321 2093 arridebit,
2371 2013 2604 2094 quippe

412 2129 521 2210 qui
567 2130 759 2195 alium
807 2133 1133 2199 desideres
1178 2136 1518 2199 verborum
1567 2135 1886 2215 ordinem,
1948 2135 2040 2198 ita
2098 2133 2288 2198 altius
2335 2153 2469 2197 rem
2517 2132 2609 2195 in-

415 2250 692 2332 quirenti
736 2253 893 2317 nihil
938 2274 1201 2336 prorsus
1250 2257 1402 2339 erit,
1474 2257 1643 2339 quod
1710 2261 1820 2319 tuo
1891 2254 2027 2318 iure
2093 2254 2240 2319 huic
2302 2270 2606 2335 opponaS.

414 2372 707 2453 Accedit,
775 2377 946 2455 quod
990 2376 1230 2439 nullam
1279 2377 1533 2441 omnino
1583 2381 1796 2440 movet
1842 2375 2361 2456 interpolationis
2409 2372 2611 2453 suspi-

416 2494 683 2559 cionem.

584 2612 722 2690 Qua
765 2614 830 2678 in
874 2614 1150 2679 lectione
1198 2633 1309 2678 cur
1354 2633 1483 2678 non
1527 2614 1917 2694 acquieverit
1952 2613 2339 2680 Klotzius
2387 2618 2450 2678 et
2497 2630 2609 2677 seu

415 2733 494 2797 de
556 2751 669 2797 sua
716 2735 1033 2798 sententia
1079 2753 1191 2799 seu
1238 2753 1313 2798 ex
1357 2732 1788 2812 Rhedigerani
1850 2735 1968 2820 (9¹)
2031 2734 2268 2799 codicis
2312 2733 2606 2798 sordibus

411 2873 524 2918 seu
584 2853 708 2918 alio
772 2854 987 2919 nescio
1049 2873 1172 2935 quo
1231 2860 1492 2919 auctore
1539 2852 1859 2917 addiderit
1908 2853 2417 2928 coniunctionem
2465 2859 2603 2937 aut,

413 2973 708 3056 equidem
777 2993 1032 3038 causam
1099 2973 1415 3055 perspicio
1463 2973 1720 3036 nullam.
1813 2972 2170 3037 Verborum
2220 2975 2388 3038 enim
2437 2973 2608 3038 simi-

409 3094 677 3160 litudine
744 3092 982 3158 factum
1052 3113 1190 3159 esse
1260 3091 1665 3175 perspicuum
1740 3099 1872 3173 est,
1954 3099 2025 3156 ut
2089 3094 2387 3159 librarius
2459 3112 2606 3157 ocu-

409 3216 617 3281 lorum
660 3215 845 3295 lapsu
893 3214 1160 3278 alteram
1209 3232 1429 3277 eorum
1463 3218 1713 3294 partem
1757 3212 2101 3293 omitteret,
2151 3212 2264 3276 sed
2311 3211 2601 3275 omisisse

414 3353 795 3416 quemquam
860 3340 981 3400 aut
1029 3333 1538 3398 coniunctionem
1586 3338 1732 3396 ante
1772 3331 2275 3413 redintegratum
2319 3331 2603 3398 hominis

410 3454 787 3520 vocabulum
831 3472 958 3517 non
1026 3461 1123 3517 est
1166 3453 1529 3518 verisimile.
1623 3454 1822 3516 Immo
1891 3470 2043 3516 vero
2105 3450 2474 3532 saepissime
2540 3450 2604 3513 in

408 3572 588 3639 libris
636 3570 1073 3637 Cornificianis
1118 3590 1239 3638 usu
1282 3575 1490 3655 venit,
1561 3579 1632 3637 ut
1691 3574 2120 3640 recentiorum
2180 3572 2467 3637 codicum
2529 3569 2605 3635 li-

582 3832 638 3900 *)
676 3825 833 3895 Quod
869 3815 1013 3884 idem
1052 3827 1218 3884 habet
1255 3829 1433 3884 codex
1461 3829 1933 3900 lilonasteriensiS,
1971 3844 2126 3901 quem
2166 3828 2365 3885 librum
2403 3828 2600 3885 novis·

410 3914 545 3969 sime
581 3914 838 3969 collatum
875 3912 1185 3987 Langenius
1223 3916 1437 3969 censuit
1477 3907 1754 3969 no'nnullis
1796 3916 1935 3970 locis
1975 3916 2154 3971 solum
2193 3932 2376 3971 veram
2427 3920 2606 3985 scrip-

409 4006 582 4053 turam
620 4015 902 4071 servasse,
957 4002 1083 4056 aliis
1135 4018 1252 4055 cum
1307 4018 1412 4057 uno
1460 4003 1707 4057 alterove
1759 4003 1813 4057 in
1864 4020 2000 4080 vera
2037 4005 2302 4074 scriptura
2340 4002 2608 4058 tradenda

411 4085 739 4143 consentire.
