3116 4613
2488 253 2580 326 31

396 455 525 501 non
592 441 724 499 tam
787 431 868 495 ad
912 425 1320 493 accusatoris
1378 426 1480 490 hic
1545 443 1735 506 quam
1802 424 1882 487 ad
1949 421 2301 488 defensoris
2365 440 2592 486 munus

398 557 677 620 animum
724 550 1105 628 intendisse,
1176 547 1267 610 ita
1320 552 1390 609 ut
1451 552 1514 609 et
1558 545 1624 608 in
1668 545 1877 610 verbis
1936 543 2118 628 ‘quid
2169 542 2363 610 nobis
2418 508 2591 609 ebn-

392 679 627 747 ,vem'at
680 691 829 741 cum
895 667 1475 736 advorsariis‘
1552 673 1616 730 et
1683 665 1749 728 in
1815 664 1932 742 iis,
2011 680 2174 742 quae
2244 667 2595 742 sequuntur

394 793 850 880 ,interfectam
905 806 1052 854 6336
1107 786 1193 854 ab
1241 785 1484 853 Oreste
1537 793 1821 853 matrem
1875 785 2185 850 convenit
2238 781 2399 849 mihi
2448 799 2595 847 cum

399 916 976 990 advorsariis‘
1025 917 1475 983 advorsarz'os
1524 911 1927 991 intellegeret
1957 929 2086 990 eoS,
2138 911 2246 991 qui
2273 929 2452 974 reum
2484 910 2597 972 ali-

369 1061 591 1129 ·quem
650 1038 968 1103 fecissent.
1063 1034 1190 1097 Sed
1234 1032 1466 1097 accidit
1525 1030 1742 1095 nescio
1805 1048 1929 1110 quo
1974 1036 2183 1110 pact0,
2254 1037 2356 1110 ut,
2427 1031 2598 1110 quod

352 1226 361 1231 ,
405 1161 761 1242 exemplum
806 1157 981 1238 prius
1028 1138 1310 1217 laudavit
1357 1151 1648 1231 scriptor,
1677 1147 1759 1216 ‘si
1791 1167 1965 1232 quae
2004 1149 2201 1215 utilia
2232 1149 2425 1216 nobis
2467 1150 2597 1232 (ac-

409 1286 625 1346 cusato
653 1276 952 1342 videlicet
967 1271 1176 1337 Oresti
1202 1270 1417 1333 eiusve
1441 1267 1910 1348 defensoribus)
1943 1274 2141 1334 erunt
2157 1268 2592 1351 convenienl‘,

411 1397 794 1463 sententiam
839 1394 1150 1476 praebere
1197 1388 1490 1453 videatur
1533 1387 1723 1468 plane
1772 1387 2174 1450 contrariam.
2220 1386 2353 1451 Nec
2397 1387 2599 1467 magis

404 1519 595 1600 quod*
631 1533 666 1582 6
700 1516 1053 1582 contrario
1079 1517 1308 1593 postea
1333 1507 1689 1588 exemplum
1723 1490 1956 1584 attulit,
1982 1505 2049 1568 in
2077 1523 2213 1569 rem
2249 1505 2477 1569 cadere
2510 1505 2600 1569 vi-

408 1639 615 1702 detur.
664 1637 868 1698 Porro
895 1632 1146 1709 accidit,
1194 1636 1266 1693 ut
1293 1623 1696 1692 commutatis
1719 1623 1888 1688 inter
1927 1642 1995 1688 se
2022 1623 2324 1705 exemplis
2348 1623 2448 1686 vel
2467 1641 2601 1686 ma-

406 1759 572 1821 xime
618 1751 1099 1819 accommodata
1132 1753 1324 1828 atque
1357 1744 1696 1826 perspicua
1742 1743 2079 1806 videantur
2112 1761 2252 1807 esse
2295 1761 2388 1821 ea,
2438 1759 2601 1822 quae

403 1876 592 1940 modo
626 1870 1151 1953 perspicuitatem
1176 1868 1347 1931 illam
1383 1866 1461 1929 ab
1488 1863 1789 1944 -omnibns
1814 1863 1880 1926 in
1908 1861 2245 1925 Cornificio
2271 1860 2596 1924 laudatam

402 1994 676 2060 maximo
725 2008 920 2070 opere
952 1988 1334 2065 ,desiderare
1378 1985 1516 2049 visa
1562 1987 1725 2047 sunt.
1787 1981 2103 2046 Accusato
2155 1981 2321 2046 enim
2367 1982 2593 2045 Oreste

405 2112 866 2188 defensoribuS,
933 2124 1092 2188 quos
1155 2106 1329 2186 ipsos
1391 2105 1726 2184 loquentes
1786 2099 2020 2165 Cornif.
2053 2101 2406 2165 «induxisse
2469 2118 2587 2179 pro

409 2240 582 2299 certo
608 2230 934 2306 habemus,
981 2243 1109 2288 non
1156 2229 1252 2288 est
1297 2223 1472 2302 utile,
1519 2222 1677 2286 nihil
1723 2221 2060 2285 convenire
2106 2221 2272 2284 inter
2317 2219 2491 2298 ipsos
2541 2222 2604 2279 et

407 2353 807 2420 adversarios
853 2348 977 2412 nisi
1036 2343 1483 2427 ‘interfectam
1564 2359 1713 2408 esse
1788 2342 1874 2408 ab
1952 2340 2192 2408 Oreste
2266 2336 2599 2420 matrerm,

407 2474 563 2540 utile
610 2478 708 2538 est
754 2476 985 2546 autem,
1033 2466 1209 2546 ipsos
1246 2461 1534 2530 confiteri
1570 2465 1976 2524 accusatores
2028 2458 2602 2546 ‘Ayamemhonem

407 2614 556 2661 6336
611 2612 655 2659 a
715 2590 1261 2676 Clytaemnestra
1316 2579 1662 2650 occisum‘.
1692 2570 1787 2666 ²³²]

580 2712 754 2786 Quae
780 2728 883 2773 res
911 2727 1051 2771 cum
1077 2708 1165 2771 sic
1195 2725 1263 2770 se
1281 2704 1534 2780 habeat,
1564 2719 1693 2763 non
1717 2698 1808 2762 ita
1835 2695 2110 2759 alienum
2138 2688 2332 2753 fuerit
2357 2691 2605 2768 putare,

410 2830 576 2892 male
622 2828 1064 2908 perturbatum
1112 2843 1250 2887 esse
1298 2823 1364 2885 in
1407 2820 1587 2884 libris
1635 2815 2069 2896 exemplorum
2117 2809 2421 2873 ordinem.
2481 2804 2607 2868 Sed

407 2968 536 3012 non
583 2948 733 3012 licet
783 2944 1122 3024 confugere
1169 2942 1252 3004 ad
1297 2932 1635 3003 verborum
1673 2931 2254 3013 transpositionem,
2304 2924 2605 3007 quamdiu

408 3067 536 3145 illa,
576 3083 700 3146 quo
739 3071 883 3128 sunt
919 3062 1141 3126 ordine
1175 3058 1431 3138 tradita,
1471 3055 1958 3138 explicationem
1993 3049 2331 3116 admittant
2373 3043 2608 3107 tolera-

409 3186 620 3250 bilem.
668 3184 754 3246 Et
797 3202 915 3248 nos
964 3182 1237 3263 quidem,
1286 3176 1623 3259 quominus
1648 3181 1889 3239 temere
1938 3164 2279 3252 quidquam
2325 3182 2605 3245 agamUS,

412 3324 488 3370 eo
559 3305 698 3385 ipso
761 3302 1168 3383 impedimur,
1249 3297 1420 3378 quod
1483 3294 1798 3359 neminem
1863 3290 2067 3355 adhuc
2129 3288 2192 3349 in
2255 3285 2333 3349 iis
2396 3283 2607 3348 verbis

416 3423 753 3489 offendisse
799 3422 1104 3485 videmus.
1174 3419 1465 3498 Namque
1512 3414 1682 3494 quod
1727 3406 2249 3493 Kayserus**)
2296 3404 2607 3486 interpre-

409 3544 716 3607 tationem
751 3542 1077 3623 amplexus
1113 3545 1210 3603 est
1244 3535 1697 3618 speciosiorem
1736 3548 1923 3612 quam
1957 3526 2290 3604 veriorem,
2335 3543 2464 3588 non
2501 3530 2598 3589 est

412 3663 583 3743 quod
608 3663 1020 3741 demonstret,
1070 3662 1365 3738 suspecta
1411 3673 1554 3718 eum
1601 3653 1805 3733 ipsum
1846 3650 2004 3712 haec
2049 3646 2243 3711 verba
2280 3643 2597 3708 habuisse.

409 3780 668 3843 Putavit
715 3780 878 3843 enim
927 3778 1067 3857 ille,
1140 3793 1477 3839 conversas
1538 3788 1677 3835 esse
1735 3769 2066 3847 utriusque
2126 3764 2397 3844 exempli
2457 3782 2601 3844 per-

598 3934 651 4001 *)
691 3930 844 3984 Conf.
871 3935 917 3997 1,
957 3933 1040 3996 16,
1075 3932 1140 3983 26
1180 3932 1307 3997 post
1336 3926 1406 3981 in.
1445 3925 1674 3977 ‘Orestes
1691 3921 1973 3987 confitetur
1998 3934 2052 3971 36
2079 3916 2330 3971 occidisse
2345 3918 2603 3985 nzatrem,

425 4020 535 4073 ‘nisi
569 4016 812 4071 attulerit
846 4016 981 4082 facti
1017 4013 1297 4086 ratiogvem,
1326 4007 1644 4079 pervertem‘t
1679 4007 2071 4075 defensionem‘.

581 4105 660 4174 **)
700 4101 749 4156 in
790 4102 888 4155 ed.
927 4100 1045 4154 crit.
1084 4098 1229 4153 notis
1268 4114 1318 4169 p.
1356 4101 1454 4150 225
1493 4093 1633 4149 med:
1950 4096 1953 4099 ’
2099 4087 2118 4102 ’

2639 4173 2774 4307 -ae

2777 4357 2934 4418 ,fif
