3116 4613
486 259 581 335 34

485 471 725 540 Oreste
777 479 1082 559 matrem,
1141 477 1453 545 convenit
1505 473 1668 543 milti
1717 491 1889 543 cum·
1922 474 2397 560 advorsariis;
2451 477 2688 548 iurene

476 591 721 675 fecerit
758 599 824 660 et
872 594 1227 663 licueritne
1278 596 1542 679 facere,
1602 595 1678 662 id
1730 603 1829 662 est
1882 598 1952 663 in
2006 585 2582 686 controversz'a‘j.

647 711 870 794 Neque
932 717 1100 780 unde
1162 723 1305 780 orta
1368 717 1450 780 sit
1515 714 1886 780 foedissima
1948 715 2059 778 illa
2122 717 2557 797 exemplorum
2622 719 2686 783 in

479 831 656 896 libris
712 834 1157 914 transpositiO,
1230 836 1338 898 diu
1391 835 1575 899 nobis
1623 835 1745 899 erit
1790 835 2241 915 quaerendum.
2334 837 2453 900 Est
2519 838 2685 901 enim

475 949 579 1014 hic
617 968 868 1031 quoque
907 952 1261 1019 simillimus
1295 955 1472 1019 locus
1502 955 1975 1050 Ciceronianus,
2026 954 2106 1017 ad
2145 954 2320 1019 cuius
2367 956 2682 1020 rationem

476 1067 802 1134 falsarium
832 1070 1128 1135 Cornifici
1176 1075 1371 1138 verba
1416 1076 1495 1139 ab
1542 1092 1668 1137 uno
1718 1074 1783 1136 111
1829 1074 2098 1137 alterum
2144 1075 2355 1138 locum
2406 1075 2542 1139 veri
2589 1080 2686 1138 est

479 1188 683 1253 simile
728 1190 1148 1255 transtulisse.
1201 1190 1520 1273 Scriptum
1560 1200 1656 1257 est
1704 1198 1917 1257 autem
1968 1193 2138 1272 apud
2187 1193 2559 1257 Ciceronem
2607 1193 2684 1256 de

476 1308 599 1377 inv.
620 1309 670 1389 I,
691 1309 887 1390 22‚31
924 1310 1088 1375 med.
1151 1308 1368 1396 ‘Quae
1398 1317 1707 1398 partitio,
1755 1314 1918 1400 qnid
1948 1315 2308 1380 conveniat
2357 1318 2477 1379 aut
2523 1313 2686 1398 qnid

474 1447 609 1495 non
676 1434 1070 1516 conveniat,
1146 1432 1472 1516 ostendit,
1560 1432 1767 1500 llaec
1824 1432 2078 1501 debet
2145 1432 2389 1515 illuct,
2467 1433 2686 1516 qnod

477 1554 898 1634 convenit,
945 1541 1386 1618 inclinare
1433 1551 1540 1617 ad
1575 1569 1776 1617 suae
1816 1570 2123 1619 causae
2163 1552 2679 1636 commodum,

475 1666 602 1733 noc
665 1670 906 1737 modo:
984 1668 1412 1752 interfectam
1478 1677 1758 1738 matrem
1826 1688 1972 1739 esse
2041 1691 2085 1736 a
2136 1671 2311 1755 filie,
2372 1673 2683 1738 convenit

474 1789 636 1855 mini
685 1807 833 1855 cum
868 1768 1374 1856 ‘adversariis'
1449 1787 1613 1856 Item
1658 1796 1957 1857 contra:
2039 1787 2466 1871 interfectam
2534 1807 2681 1856 esse

481 1926 526 1980 a
603 1905 1144 1992 Clytaemnestra
1215 1911 1782 1994 Aqamemnonem
1867 1913 2195 1977 convenit.
2302 1907 2487 1976 Nam
2573 1909 2681 1976 hic

481 2032 761 2110 uterque
814 2032 881 2093 et
931 2028 1005 2093 td
1048 2030 1301 2114 posuit,
1360 2030 1542 2114 quod
1594 2028 2060 2113 conveniebat,
2122 2035 2187 2095 et
2246 2035 2465 2095 tamen
2511 2046 2678 2094 suae

481 2164 738 2213 causae
805 2147 1150 2213 commodo
1222 2144 1605 2213 consutm‘t.‘
1713 2140 2061 2212 Praeteriit
2117 2148 2437 2211 hominem
2489 2145 2676 2210 falsa-

480 2265 644 2330 rium
690 2265 879 2330 aliam
928 2263 1252 2331 Ciceronis
1299 2266 1571 2331 docendi
1618 2284 1756 2332 esse
1803 2267 2154 2348 rationem,
2222 2267 2411 2330 aliam
2459 2265 2678 2330 Corni-

481 2383 615 2466 fici,
664 2404 933 2467 quorum
977 2385 1085 2450 ille
1133 2392 1196 2451 et
1239 2387 1322 2450 ad
1365 2388 1757 2451 accusatoris
1806 2392 1868 2450 et
1914 2386 1995 2449 ad
2045 2384 2402 2450 defensoris
2449 2377 2677 2449 munus

482 2506 758 2569 animum
813 2506 1178 2589 intendenS,
1250 2505 1556 2586 quidquid
1626 2508 2034 2570 convenirent
2094 2507 2175 2569 ad
2235 2524 2386 2571 suae
2449 2505 2676 2586 cuique

483 2643 713 2701 causae
761 2625 1159 2689 commodum
1216 2625 1645 2689 inclinandum
1705 2643 1845 2690 esse
1904 2626 2337 2706 praeceperit,
2403 2603 2506 2689 hic
2566 2625 2674 2688 ‹le-

481 2743 752 2810 fensoris
809 2745 1211 2825 potissimum
1279 2742 1555 2809 officium
1616 2745 1965 2825 respiciens
2022 2745 2341 2808 monuerit
2405 2750 2671 2825 tantum,

483 2882 607 2945 quo
655 2863 844 2928 modo
893 2865 1270 2929 ordiendum
1316 2884 1455 2929 esse
1500 2865 1853 2944 videretur,
1915 2864 1966 2928 si
2010 2865 2196 2928 utilia
2242 2855 2670 2943 convenirent,

484 3002 736 3065 quoque
781 2984 1003 3064 modo,
1066 2985 1119 3049 si
1178 2983 1586 3049 convenirent
1645 3000 1747 3063 ea,
1810 3002 1973 3065 quae
2028 2984 2212 3047 utilia
2265 3003 2393 3047 non
2441 2990 2669 3049 essent.

481 3103 565 3166 Et
613 3101 938 3169 Ciceronis
997 3104 1253 3184 quidem
1313 3103 1466 3185 quid
1524 3102 1645 3167 sibi
1689 3103 1843 3166 velit
1885 3110 2325 3184 praeceptum,
2394 3103 2671 3183 quidque

482 3223 735 3286 valeant
779 3222 1086 3303 exempla,
1132 3242 1318 3287 nemo
1364 3222 1697 3288 dubitabit.
1755 3221 2150 3303 Quamquam
2193 3223 2462 3287 eundem
2498 3222 2672 3285 vide-

483 3362 622 3407 mus
663 3362 804 3406 cum
833 3343 1117 3423 emphasi
1165 3344 1455 3424 quadam,
1502 3342 1598 3406 rei
1643 3342 1941 3406 videlicet
1985 3343 2187 3423 magis
2232 3341 2423 3407 etiam
2461 3340 2673 3421 expla-

483 3463 731 3527 nandae
780 3479 988 3541 causa,
1037 3466 1351 3542 repetere,
1401 3462 1576 3543 quod
1621 3478 1813 3543 supra
1857 3461 1982 3523 iam
2028 3466 2390 3540 monuerat,
2437 3459 2671 3522 additis

484 3583 788 3665 exemplis
844 3579 1222 3645 firmaverat.
1313 3580 1541 3664 (Quem
1584 3581 1793 3645 locum
1839 3578 2099 3660 insuper
2142 3579 2429 3660 pluribus
2476 3579 2671 3642 inter-

482 3708 772 3783 pretatus
833 3708 930 3767 est
972 3701 1336 3765 Victorinus
1396 3701 1437 3766 1.
1483 3700 1522 3764 l.
1586 3721 1646 3781 p.
1699 3698 1780 3763 64
1826 3685 1940 3764 sub
1986 3698 2121 3780 fin.)
2230 3698 2356 3762 Sed
2420 3698 2669 3778 accidit,

481 3829 583 3903 ut,
644 3827 806 3904 quae
861 3822 927 3887 in
973 3822 1298 3888 Ciceronis
1360 3821 1631 3886 docendi
1674 3820 1925 3884 ratione
1990 3819 2147 3882 nihil
2189 3817 2426 3883 habent
2475 3816 2672 3881 offen-

484 3943 713 4023 sioniS,
777 3943 1027 4023 eadem,
1088 3942 1401 4007 translata
1456 3941 1521 4004 in
1570 3940 2037 4022 discrepantem
2088 3937 2294 4003 nostri
2340 3935 2670 4017 scriptoris

484 4070 706 4144 artem,
756 4062 1007 4134 omnino
1052 4061 1208 4127 ferri
1250 4081 1379 4127 non
1423 4059 1688 4143 possint.
1735 4057 2146 4140 Refugiamus
2182 4058 2376 4139 igitur
2410 4057 2490 4120 ad
2523 4074 2671 4139 pro-

380 4253 385 4258 ,
482 4184 760 4268 positam
800 4180 975 4247 illam
1021 4181 1453 4264 exemplorum
1496 4179 2080 4263 transpositionem.
