3116 4613
662 1463 769 1553 De
831 1487 1129 1552 Cornifici
1189 1484 1657 1550 rhetoricorum
1716 1485 1896 1549 libris
1961 1476 2133 1567 quod
2178 1505 2306 1550 non
2356 1486 2624 1551 eandem

427 1625 646 1671 omnes
693 1625 962 1689 aequam
1014 1607 1395 1672 sententiam
1442 1604 1729 1669 tulerunt
1756 1607 1875 1670 viri
1923 1607 2113 1688 docti,
2161 1607 2331 1671 haud
2366 1607 2496 1671 scio
2545 1625 2627 1670 an

426 1746 554 1791 non
601 1727 736 1792 sine
785 1730 997 1811 aliquo
1047 1731 1183 1793 iure
1229 1729 1639 1810 Kayserus
1685 1729 1750 1790 in
1795 1727 2194 1808 praefatione
2258 1729 2353 1793 ed.
2405 1728 2625 1810 crit.*)

427 1863 487 1923 p.
535 1845 670 1909 XV.
720 1847 802 1909 in.
851 1849 1149 1914 tribuerit
1194 1846 1436 1928 ingenti
1503 1846 1596 1909 illi
1655 1838 2166 1912 foedissimarum
2230 1848 2629 1929 interpolati-

431 1982 622 2028 01111111
667 1968 1078 2049 multitudini,
1130 1986 1291 2050 quae
1339 1968 1545 2030 iustae
1596 1986 1816 2031 eorum
1863 1968 2317 2034 existimationi
2365 1969 2621 2033 obstare

430 2089 830 2170 viderentur,
902 2108 1286 2171 quamquam
1357 2106 1486 2151 non
1544 2087 1791 2152 minore
1849 2089 1914 2152 in
1974 2088 2160 2168 culpa
2220 2089 2405 2154 nobis
2462 2095 2627 2168 sunt,

435 2227 597 2288 quae
665 2209 829 2273 aliae
897 2211 1119 2275 sordes
1185 2209 1531 2273 obruerant
1600 2209 1806 2271 adhuc
1871 2208 2069 2273 libros
2140 2207 2495 2272 Cornificia
2517 2227 2661 2271 nos.

432 2331 688 2393 Etenim
736 2350 898 2412 quae
945 2331 1010 2394 in
1057 2331 1197 2394 aliis
1245 2348 1498 2410 quoque
1557 2329 1737 2394 libris
1795 2329 1966 2392 haud
2011 2349 2158 2393 raro
2205 2330 2361 2394 vitia
2408 2331 2629 2410 depre-

436 2448 735 2513 henderis
784 2456 847 2512 et
890 2450 1295 2514 librariorum
1357 2450 1421 2511 in
1466 2450 1948 2514 transcribendo
2012 2470 2124 2515 seu
2171 2450 2453 2514 incuriae
2521 2470 2634 2515 seu

440 2570 771 2634 socordiae
817 2570 1046 2633 merito
1097 2569 1566 2650 adsignaveriS,
1631 2588 1852 2633 eorum
1915 2569 1980 2632 in
2023 2569 2121 2633 his
2166 2570 2345 2635 libris
2392 2576 2635 2635 tantam

438 2688 672 2751 molem
720 2687 1114 2769 offendimus,
1162 2695 1231 2752 ut
1271 2690 1351 2752 ad
1400 2708 1475 2753 ea
1522 2688 1663 2768 ipsa
1710 2691 1923 2753 omnia
1967 2690 2331 2771 indaganda
2376 2691 2635 2755 investi-

442 2807 775 2887 gandaque
835 2808 1004 2872 haud
1063 2808 1372 2872 mediocri
1447 2810 1657 2873 studio
1728 2816 1920 2891 atque
1979 2812 2199 2876 labore
2266 2828 2425 2889 opus
2496 2828 2636 2873 esse

442 2926 754 2990 videatur.

616 3050 971 3130 Accedunt,
1053 3069 1214 3132 quae
1269 3052 1534 3132 propria
1611 3051 1730 3117 hos
1805 3052 2003 3117 libros
2077 3050 2234 3115 vitia
2314 3057 2627 3131 premant.

447 3166 728 3244 Quorum
775 3170 839 3232 in
874 3175 1136 3234 numero
1180 3172 1534 3252 principem
1573 3172 1783 3236 locum
1832 3178 1895 3235 et
1930 3190 2047 3236 nos
2081 3170 2203 3250 ipsi
2236 3170 2639 3235 concedimus
2671 3186 2680 3196 ·

448 3290 574 3354 illis
618 3289 1220 3371 interpolationibus
1269 3311 1410 3355 cum
1468 3291 1874 3355 multitudine
1932 3296 2064 3352 tum
2122 3287 2432 3353 foeditate
2492 3287 2644 3350 insi-

448 3411 692 3491 gnibus,
741 3431 902 3491 quae
931 3413 1158 3475 mirum
1195 3412 1260 3476 in
1292 3415 1555 3477 modum
1584 3411 2044 3476 Cornificianae
2092 3410 2399 3481 orationis
2448 3429 2644 3490 quan-

453 3530 596 3592 dam
676 3530 1027 3594 siccitatem
1101 3538 1293 3611 atque
1384 3532 1782 3596 ieiunitatem
1863 3529 2293 3609 interpellent.
2407 3530 2645 3593 Earum

454 3655 666 3712 autem
714 3651 945 3732 duplex
975 3651 1247 3714 maxime
1289 3670 1488 3731 genus
1530 3651 1928 3714 distinxeris:
1975 3669 2169 3713 unum
2205 3667 2440 3728 earum,
2491 3667 2647 3728 quas

453 3805 537 3817 --
580 3775 651 3833 ut
695 3771 982 3836 inlibris
1027 3772 1092 3834 in
1138 3770 1498 3835 scholarum
1542 3791 1725 3836 usum
1757 3772 1970 3836 medio
2006 3771 2177 3852 quod
2213 3769 2446 3833 dicitur
2490 3787 2646 3833 aevo

592 4013 645 4082 *)
684 4011 943 4067 Cornifici
981 4009 1382 4066 rhetoricorum
1420 4010 1487 4064 ad
1526 4011 1584 4065 C.
1624 4009 1949 4065 Herennium
2007 4007 2136 4062 libri
2186 4008 2283 4062 IV.
2359 4004 2654 4061 Recensuit

457 4102 513 4153 et
547 4098 934 4171 interpretatus
973 4103 1060 4151 est
1097 4096 1155 4151 C.
1196 4093 1253 4149 L.
1293 4093 1520 4166 Kayser.
1592 4096 1809 4169 Lipsiae
1848 4093 2221 4150 MDCCCLlV.

1291 4244 1727 4353 273897
2179 4198 2241 4253 ⁹
