3116 4613
2528 281 2621 360 33

611 486 737 559 Sed
804 488 931 556 alia
1001 496 1065 556 et
1123 486 1297 556 vocis
1367 488 1423 559 ‘e
1479 488 1863 560 eontrario‘
1911 488 2122 572 placet
2164 488 2629 576 interpretandi

437 616 602 680 ratio
648 615 1027 695 Kayser0‚
1089 612 1196 693 qui
1261 612 1416 677 dixit
1464 613 1540 677 ‘h.
1594 633 1645 677 e.
1695 612 1789 693 si,
1858 618 2062 693 quae'
2124 613 2629 683 adversariis

436 735 688 799 utilia
752 739 1020 813 erunt,
1092 732 1647 796 convenient‘.
1739 730 1877 807 Qua
1955 731 2021 795 in
2100 731 2630 815 interpretatione

442 853 499 921 ‘e
554 851 957 938 eontrari0‘‚
1016 853 1211 920 nobis
1294 851 1679 932 pronomimi
1756 851 1822 913 in
1907 850 2339 930 superioribus
2420 857 2631 922 verbis

441 974 821 1056 oppositum,
872 973 1017 1037 huic
1063 972 1186 1054 ipsi
1232 977 1474 1036 certum
1518 970 1693 1034 vocis
1734 988 1958 1033 sonum
1995 970 2333 1036 admoveat
2370 993 2632 1041 necesse

442 1102 565 1174 est3
614 1095 785 1176 quod
828 1091 965 1157 fieri
1012 1094 1153 1174 ipsa
1196 1091 1536 1156 verborum
1596 1088 1681 1157 ‘si
1731 1109 1848 1176 ea,
1935 1109 2109 1174 quae
2177 1093 2374 1160 utilia
2438 1097 2634 1163 nobis

439 1220 667 1297 erunt,
750 1212 1171 1281 convenient‘
1255 1214 1429 1273 vetat
1505 1209 1861 1273 collocatio,
1953 1208 2116 1285 Quid
2196 1213 2367 1293 quod
2431 1214 2635 1277 noluit

443 1335 720 1400 scribere
746 1331 980 1399 Cornif.
1034 1330 1269 1417 ιηοόίες,
1315 1349 1489 1418 quae
1526 1329 1724 1397 utilia
1753 1327 1974 1395 ernnt‘
2033 1335 2143 1393 aut
2203 1330 2398 1418 ‘quae
2435 1333 2635 1400 utilia

440 1462 639 1523 erunt
701 1452 919 1522 nobis‘
991 1458 1099 1515 aut
1154 1450 1352 1539 ‘quae
1414 1450 1609 1518 nobis
1676 1455 1875 1516 erunt
1926 1448 2148 1549 utilz‘a‘
2206 1459 2316 1515 aut
2363 1453 2634 1534 denique

445 1573 643 1661 ‘quae
695 1574 889 1641 nobis
943 1573 1139 1640 utilia
1193 1569 1465 1640 ernnc‘?
1561 1570 1838 1633 Dubium
1886 1575 2097 1634 autem
2142 1586 2272 1634 non
2319 1578 2434 1651 est,
2484 1573 2635 1652 quin

441 1695 634 1763 nobis
688 1693 1049 1775 pronomini
1097 1694 1149 1758 si
1197 1693 1349 1774 quid
1384 1691 1686 1772 ponderis
1728 1689 2079 1755 attribuere
2109 1691 2434 1773 voluisset,
2472 1694 2636 1758 eius-

440 1815 614 1879 modi
659 1813 1004 1894 quidquam
1051 1811 1400 1892 scripturus
1446 1811 1666 1890 fuerit,
1730 1828 1871 1873 cum
1915 1810 1980 1873 in
2026 1816 2247 1873 nostro
2295 1812 2636 1876 verborum

443 1934 666 1997 ordine
699 1932 1080 1998 adiectivum
1127 1934 1322 2000 utilia
1350 1951 1535 1995 nemo
1567 1948 1696 1993 non
1722 1947 1863 1992 cum
1888 1934 2156 1993 accentu
2184 1931 2633 1995 enunciaverit.

613 2052 788 2128 Quae
816 2071 957 2115 cum
990 2052 1082 2115 ita
1118 2053 1260 2132 sint,
1309 2052 1435 2115 iam
1468 2050 1591 2114 erit
1622 2047 1967 2129 fatendum,
2014 2049 2180 2114 male
2211 2050 2321 2114 Ka
2332 2071 2637 2132 yserum

444 2192 578 2236 rem
615 2171 907 2251 gessisse,
959 2172 1066 2252 qui
1103 2169 1534 2251 exemplorum
1569 2187 1877 2249 personas
1915 2187 2252 2233 conversas
2291 2189 2429 2234 esse
2468 2170 2638 2234 affir-

444 2290 651 2355 marit.
728 2290 928 2354 Immo
960 2310 1112 2355 vero
1140 2289 1405 2371 propius
1436 2288 1617 2353 abest
1650 2309 1687 2351 a
1714 2288 1986 2353 veritate
2017 2288 2333 2369 arbitrari,
2380 2309 2638 2355 manere

445 2429 785 2492 personaS,
850 2428 953 2473 res
1017 2409 1190 2489 ipsas
1253 2411 1537 2474 converti
1600 2429 1711 2473 seu
1775 2409 1989 2490 potius
2051 2410 2220 2472 inter
2265 2429 2333 2473 se
2380 2412 2636 2491 opponi,

444 2531 535 2594 ita
580 2537 650 2594 ut
694 2529 870 2610 prius
917 2534 1145 2609 agatur
1192 2530 1269 2592 de
1315 2530 1392 2595 iis
1438 2531 1660 2609 rebUS,
1709 2546 1872 2608 quae
1921 2529 2298 2593 conveniant
2347 2532 2639 2594 eaedem-

449 2667 570 2729 que
615 2648 798 2712 nobis
836 2649 960 2714 sint
993 2649 1203 2729 utileS,
1256 2650 1483 2714 deinde
1532 2650 1613 2712 de
1659 2648 1757 2728 iis,
1807 2667 1970 2729 quae
2017 2648 2394 2712 conveniant
2431 2668 2638 2730 neque

453 2768 578 2831 sint
612 2768 817 2832 utiles.
867 2769 1041 2844 Quae
1071 2769 1284 2832 omnia
1314 2769 1366 2833 si
1405 2770 1615 2832 animo
1658 2768 2093 2850 perpenderis,
2136 2768 2262 2831 iam
2295 2776 2639 2833 commuta-

450 2894 585 2951 tum
634 2907 773 2952 esse
823 2888 1255 2969 exemplorum
1297 2889 1587 2953 ordinem
1627 2888 1874 2952 facilius
1912 2895 1983 2951 ut
2024 2888 2246 2952 credas
2283 2888 2635 2953 adduceris.

452 3007 842 3072 Habebimus
875 3013 1088 3071 autem
1123 3028 1235 3072 suo
1271 3010 1549 3089 quidque
1582 3008 1724 3073 loco
1752 3009 2092 3073 reddentes
2112 3008 2275 3072 hanc
2299 3008 2640 3074 lectionem

455 3125 753 3190 Cornifici
802 3127 1122 3192 scribendi
1172 3130 1568 3209 docendique
1617 3128 2073 3193 consuetudine
2121 3129 2581 3208 dignissimam:

660 3237 1072 3307 ‘Causarum
1127 3242 1367 3307 divisio
1422 3244 1491 3306 in
1551 3242 1727 3307 duas
1793 3243 2019 3326 partis
2078 3241 2442 3308 distributa
2499 3246 2601 3307 est
2616 3261 2642 3307 .·

444 3363 738 3446 primum
792 3361 962 3426 enim
1017 3380 1094 3428 re
1146 3367 1445 3426 ηανναία
1499 3359 1811 3427 debemus
1867 3361 2161 3445 aperire,
2221 3361 2385 3443 qnid
2446 3361 2640 3427 nobis

452 3480 807 3545 conveniat
850 3496 999 3545 enm
1053 3481 1518 3565 adversative,
1592 3481 1757 3565 quid
1819 3482 1886 3546 in
1955 3481 2436 3546 controversia
2507 3482 2637 3563 sil3

452 3601 513 3663 si
566 3616 670 3682 ea,
728 3616 903 3682 qnae
956 3600 1152 3667 utilia
1206 3598 1402 3665 nobis
1456 3605 1678 3685 erunt,
1738 3600 2161 3683 convenient,
2220 3598 2347 3665 noe
2402 3599 2643 3666 modo:

455 3712 1095 3805 *firma-memnonem
1158 3738 1304 3787 esse
1374 3738 1419 3786 a
1490 3720 2032 3806 Clytaemnestra
2106 3721 2403 3785 occisum
2472 3736 2643 3783 eon-

449 3837 768 3918 silentum·
822 3857 1019 3924 quom
1071 3841 1145 3907 id
1194 3842 1293 3907 ica
1347 3842 1477 3923 sit,
1539 3859 1639 3907 me
1693 3841 1937 3907 ulcisci
1980 3845 2336 3924 parentem
2393 3844 2644 3923 neqant

456 3953 909 4044 oportuisse]
988 3959 1161 4026 Jletn
1214 3978 1250 4026 e
1306 3961 1706 4026 contrario:
1785 3950 1880 4048 *[
1872 3956 2298 4039 interfectam
2351 3977 2499 4026 esse
2555 3957 2642 4024 ab

627 4122 678 4188 ²⁸)
716 4117 934 4171 Duabus
986 4117 1228 4172 stellulis
1278 4119 1361 4173 usi
1414 4135 1637 4186 sumuS‚
1691 4119 1945 4190 quoniam
1995 4118 2063 4172 de
2113 4118 2331 4173 duobus
2378 4117 2646 4188 exemplis

458 4190 687 4244 alterum
708 4188 760 4242 iu
783 4187 1011 4242 alterius
1039 4186 1216 4241 locum
1234 4195 1565 4246 commutato
1593 4188 1783 4245 ordine
1805 4188 2157 4245 substitutum
2178 4204 2302 4243 esse
2323 4188 2646 4258 putavimus,
2737 4255 2748 4274 .

2209 4295 2239 4344 3
