3116 4613
466 240 563 327 so

669 464 831 531 Rem
867 464 1159 530 dilucide
1225 466 1685 548 narrabimuS,
1745 469 1822 550 si,
1880 475 1952 533 ut
2001 467 2321 551 quiequid
2364 468 2654 551 primum

465 599 723 680 qestum
768 595 916 675 erit,
976 597 1072 660 ita
1119 597 1412 680 primum
1469 611 1899 680 exponemuS,
1959 600 2023 661 et
2064 613 2295 662 rerum
2349 614 2434 663 ae
2480 602 2653 661 tem.-

460 740 705 808 porum
777 721 1081 788 ordinem
1155 722 1738 804 conservabimuS,
1821 728 1896 789 ut
1964 728 2199 809 qestae
2277 741 2391 788 res
2457 728 2655 790 erunt

465 856 586 918 atet
654 855 727 914 ut
789 853 1096 935 potuisse
1161 854 1315 935 qeri
1365 850 1770 918 videbuntur
1825 885 1924 896 -—-
1988 850 2097 917 liic
2152 853 2283 917 erit
2336 851 2655 916 conside-

465 980 776 1063 randum,
832 997 914 1044 ue
959 978 1122 1063 quid
1163 978 1592 1064 perturbate,
1649 998 1732 1045 ue
1776 981 1939 1064 quid
1975 997 2145 1046 nove
2192 981 2518 1061 dicamne,
2576 997 2658 1044 ue

466 1126 667 1195 quam
720 1111 789 1174 iu
845 1108 1055 1174 aliam
1109 1125 1252 1173 rem
1306 1099 1817 1191 lr·auseamu5‚*
1907 1126 1990 1174 ue
2060 1109 2249 1193 quid,
2325 1108 2508 1191 quod
2568 1107 2663 1172 act

465 1253 604 1302 rem
669 1237 1045 1319 pertineat,
1115 1242 1637 1320 praetereamus
1705 1271 1804 1282 —-
1874 1241 1938 1301 et
2005 1237 2069 1302 si
2132 1253 2485 1320 sequemur
2553 1253 2656 1321 ea,

467 1382 641 1449 quae
696 1365 776 1430 de
833 1363 1164 1430 brevitate
1214 1371 1593 1450 praecepta
1648 1370 1823 1446 suut,
1887 1359 2001 1453 [ue
2048 1363 2135 1430 ab
2178 1363 2408 1430 ultimo
2449 1380 2657 1446 repe-

469 1499 717 1574 tamus,
790 1509 872 1558 ne
928 1491 1126 1579 louqe
1176 1484 1703 1579 persequamur]
1720 1514 1755 1572 ,·
1820 1509 1978 1557 uam
2032 1508 2162 1576 quo
2220 1490 2519 1572 brevior,
2578 1508 2656 1555 eo

471 1620 834 1687 dilucidior
888 1623 952 1685 et
1005 1622 1280 1705 coquitu
1331 1619 1615 1702 facilior
1671 1621 1989 1687 narratio
2041 1618 2200 1699 fiet‘.

544 1730 554 1748 ’
633 1749 768 1811 Iam
807 1747 978 1830 quod
1014 1765 1141 1809 non
1181 1747 1392 1811 omnia
1424 1748 1491 1811 in
1530 1747 2006 1829 perspicuitatis
2046 1746 2441 1828 expositione
2489 1764 2657 1808 com-

461 1867 798 1949 prehendit
855 1867 1186 1931 brevitatis
1247 1874 1627 1949 praecepta,
1674 1874 1921 1931 tantum
1986 1869 2194 1946 abest,
2254 1873 2326 1929 ut
2387 1866 2445 1930 ei
2503 1865 2659 1928 vitio

462 1994 813 2077 vertamus,
884 1994 955 2050 ut
1012 1988 1113 2051 vel
1168 1987 1439 2051 maxime
1502 1988 1688 2052 nobis
1743 1986 2097 2050 laudandus
2158 2004 2298 2049 esse
2342 1984 2655 2061 videatur,

464 2106 572 2187 qui
619 2108 871 2188 egregie
919 2106 1218 2171 differens
1255 2126 1292 2170 a
1317 2107 1625 2171 Cicerone
1673 2126 1749 2171 ea
1796 2106 2102 2183 omiserit,
2152 2104 2379 2184 quibus
2425 2103 2490 2165 in
2531 2120 2661 2166 ser-

462 2225 668 2289 monis
707 2225 1163 2308 perspicuitate
1197 2227 1495 2308 proprius
1535 2226 1714 2290 locus
1750 2244 1889 2290 esse
1930 2231 2223 2306 nequeat,
2271 2221 2661 2304 repetiverit,

468 2363 629 2426 quae
672 2353 735 2409 et
770 2346 851 2409 ad
892 2347 1271 2412 brevitatem
1319 2351 1382 2409 et
1427 2347 1508 2409 ad
1553 2345 2075 2427 perspicuitatem
2113 2345 2356 2425 pariter
2391 2343 2660 2405 maxime

467 2465 846 2544 pertineant.

634 2583 936 2664 Sequitur
964 2584 1143 2649 locus
1169 2586 1246 2649 de
1269 2563 1603 2649 causarum
1637 2586 1946 2650 divisione
1986 2586 2036 2649 si
2069 2586 2176 2665 qui
2208 2584 2369 2648 alius
2394 2582 2662 2663 impedi-

464 2702 764 2766 tissimus,
794 2703 1048 2767 Habent
1072 2704 1119 2784 1,
1156 2703 1255 2783 10,
1290 2703 1371 2768 17
1417 2705 1499 2768 in.
1535 2705 1616 2767 ad
1649 2724 1842 2768 unum
1872 2703 2006 2768 fere
2040 2722 2259 2767 omnes
2290 2702 2436 2767 libri
2469 2701 2663 2764 haec:

677 2830 993 2899 ‘Primum
1051 2837 1223 2901 euim
1276 2852 1353 2899 re
1406 2839 1707 2899 narrata
1763 2832 2075 2899 debemus
2128 2835 2445 2917 aperire,
2504 2833 2666 2916 quid

470 2959 664 3025 uobis
719 2964 1078 3028 conveniat
1130 2980 1282 3027 eum
1337 2962 1791 3044 advorsariis)
1850 2960 2014 3045 quid
2063 2962 2132 3027 iu
2188 2962 2663 3027 controversia

464 3091 594 3169 sit,·
647 3091 723 3155 si
760 3107 884 3173 ea,
945 3108 1154 3174 quae
1199 3090 1462 3156 utilia
1508 3088 1752 3156 uobis
1799 3095 2075 3168 eruut,
2134 3091 2657 3170 convenient,

463 3216 614 3281 hoe
670 3218 940 3283 modo:
1017 3172 1446 3299 interfectam
1498 3235 1647 3283 esse
1701 3216 1787 3283 ab
1826 3215 2065 3282 Oreste
2118 3222 2419 3297 matrem,
2478 3234 2651 3282 eon-

465 3346 643 3410 veuit
695 3343 856 3410 milii
909 3363 1054 3410 cum
1105 3347 1587 3425 advorsariis;
1638 3349 1874 3412 iurene
1908 3343 2155 3427 feeerit
2200 3351 2264 3411 et
2309 3346 2663 3412 licueritne

460 3469 734 3556 faeere,
815 3472 889 3538 id
939 3478 1041 3539 est
1094 3473 1161 3537 iu
1217 3476 1715 3539 controversia.
1790 3476 1984 3540 item
2054 3493 2089 3541 e
2156 3475 2666 3540 contrario:

461 3604 1019 3687 Aqamemnonem
1058 3601 1287 3668 essffa
1314 3602 1854 3687 Clytaemnestra
1885 3607 2184 3671 occisum
2216 3602 2664 3683 confitentum·

463 3748 660 3813 quom
699 3729 773 3795 id
803 3732 900 3795 ita
944 3732 1050 3810 sil,
1109 3747 1210 3796 me
1248 3730 1492 3798 ulcisci
1522 3737 1879 3815 parentem
1915 3737 2167 3813 ueyaut
2222 3725 2662 3815 oportuisse‘.

633 3855 832 3931 Quem
891 3856 1100 3920 locum
1158 3856 1263 3938 qui
1319 3846 1567 3939 integro
1615 3859 1848 3922 iudicio
1899 3858 2021 3922 erit
2067 3875 2402 3938 aggressus
2448 3874 2654 3935 neque

466 3975 899 4055 exemplorum
943 3976 1144 4057 magis
1191 3995 1378 4057 quam
1425 3980 1582 4044 artis
1627 3984 2122 4060 praeceptorum
2167 3977 2460 4042 habuerit
2515 3976 2669 4039 rati-

394 4173 400 4183 ·
468 4112 846 4194 f›11e1n,‘non
893 4079 1291 4159 cunctabitur
1334 4069 1609 4162 illevhoc
1654 4097 2227 4178 mihiconcedere,
2260 4094 2666 4161 Cornificium
