3116 4613
427 262 522 337 36

594 464 720 528 Sed
763 463 891 528 iam
939 463 1020 527 ad
1067 459 1257 526 aliam
1302 478 1439 527 rem
1485 468 1903 527 transeamus.
1976 454 2378 541 Scripserunt
2425 465 2489 523 et
2536 452 2614 523 de

425 585 876 664 controversia,
928 603 1003 649 ex
1047 582 1537 648 ratiocinatione
1569 601 1732 663 quae
1763 586 2153 660 nasceretur,
2200 579 2335 644 fere
2363 579 2615 643 eadem:

565 719 798 784 Cornif.
859 720 908 801 Ι,
958 719 1057 800 13,
1105 720 1188 785 23
1233 720 1316 783 in.
1671 719 1797 783 Cio.
1849 720 1926 783 de
1985 717 2107 782 inv.
2157 717 2239 796 ΙΙ,
2306 716 2407 796 50,
2472 715 2613 779 148.

530 847 662 915 ‘Em
727 850 1256 916 ratiocinatione
1320 866 1481 914 con·
1665 847 1793 914 ‘Ea-
1880 847 2410 914 ratiocinatione
2480 859 2619 910 na-
2673 905 2677 909 .

425 980 773 1046 trovorsia
801 983 1092 1061 constat,
1153 995 1350 1063 quom
1372 995 1484 1045 res
1557 980 1773 1044 scitur
1806 975 2299 1062 controversia,
2356 990 2506 1039 cum
2531 990 2617 1036 esc

424 1109 570 1174 sine
619 1107 918 1193 propria
973 1105 1116 1192 leffe
1184 1108 1365 1173 venit
1417 1108 1486 1173 in
1560 1123 1659 1189 e0,
1713 1105 1895 1189 quod
1921 1106 2185 1189 uspiam·
2224 1107 2345 1190 est,
2403 1101 2497 1166 acl
2528 1100 2616 1181 id,

428 1235 781 1319 iudicium,
856 1251 1032 1319 quae
1105 1239 1327 1300 tamen
1399 1234 1486 1300 ab
1562 1233 1745 1319 quod
1769 1250 2100 1317 nusquam
2134 1231 2621 1314 scriptumest,

428 1364 585 1430 aliis
685 1362 942 1447 leqibus
1057 1363 1490 1428 similitudine
1563 1365 1859 1444 venitur,
1916 1362 2043 1429 hoc
2091 1365 2343 1446 pacto:
2406 1357 2623 1422 Lex.-

433 1490 734 1576 quadam
785 1495 1190 1574 occupatur.
1248 1489 1355 1557 Ea
1390 1497 1492 1558 est
1564 1489 1643 1558 Si
1654 1489 1964 1572 furiosus
1991 1491 2226 1570 escit,
2250 1486 2623 1571 adynatum

428 1619 624 1687 huius
698 1618 925 1684 modi:
1005 1617 1116 1683 leoe
1189 1624 1354 1684 est:
1429 1619 1493 1684 si
1564 1618 2039 1705 yentile‘umque
2083 1618 2151 1682 in
2190 1634 2267 1682 eo
2294 1616 2624 1701 pecunia-

427 1746 735 1830 suriosus
790 1749 1142 1829 existet,
1218 1747 1492 1832 adqna-
1566 1766 1692 1833 que
1745 1749 1888 1814 eius
1938 1750 2244 1832 potestas
2299 1747 2461 1809 estc.
2536 1744 2625 1811 Et

324 1870 332 1877 ’
431 1883 568 1943 tum
620 1875 1090 1960 yentiliumque
1135 1875 1203 1940 in
1248 1892 1326 1941 eo
1355 1893 1490 1960 pe-
1568 1878 1721 1944 lese.-
1751 1872 2266 1958 Paterfamilias
2294 1871 2395 1938 uti
2419 1890 2624 1957 super

433 2005 767 2088 euuiaque
799 2004 943 2069 eius
980 2004 1292 2087 potestas
1328 2010 1490 2069 esto.
1563 2004 1830 2088 familia
1870 2004 2292 2088 pecuniaque
2335 2021 2462 2069 sua
2516 2001 2619 2067 te-

433 2131 542 2199 Et
597 2131 777 2199 lese.-
849 2133 991 2217 qui
1050 2137 1495 2218 parentem
1566 2135 1872 2219 passu,
1947 2134 2047 2198 ita
2115 2133 2221 2197 ius
2292 2137 2454 2199 esto,
2536 2127 2622 2193 Et

434 2278 794 2329 necasse
834 2260 1267 2328 iudicatus
1307 2261 1489 2343 erit,
1569 2263 1720 2331 leoe:
1775 2260 1853 2329 Si
1896 2261 2402 2347 paterfamilias
2444 2264 2621 2329 inte-

434 2397 521 2458 ut
560 2392 637 2457 is
675 2389 1131 2457 obvolutus
1175 2395 1252 2456 et
1292 2388 1492 2455 obli-
1569 2399 1747 2462 stato
1804 2394 2118 2474 moritur,
2171 2390 2442 2474 familia
2487 2411 2624 2479 pe-

433 2524 676 2604 qatus
733 2521 975 2584 corio
1032 2518 1440 2587 devehatu
1456 2537 1493 2584 r
1567 2524 1899 2606 cuniaque
2004 2523 2146 2586 eius
2254 2521 2623 2607 adynatum

434 2650 517 2714 in
565 2647 1131 2732 profluentem.
1198 2646 1286 2714 Et
1341 2648 1496 2714 lese:
1566 2650 2036 2737 qentile‘umque
2093 2649 2292 2716 estas

434 2781 638 2863 paler
718 2774 1025 2857 familias
1106 2777 1209 2843 uti
1291 2793 1494 2861 super

434 2904 705 2988 familia
750 2907 1126 2990 pecuniave
1179 2923 1308 2971 sua
1378 2905 1491 2972 le-

437 3021 826 3119 qaoerit‚
897 3036 993 3101 ita
1030 3036 1136 3100 ius
1189 3043 1355 3103 esto,
1412 3032 1498 3100 Et

441 3164 596 3228 leoe:
667 3163 732 3228 si
789 3160 1303 3247 paterfamilias
1379 3165 1494 3229 in-

442 3296 728 3357 testatus
809 3291 1136 3377 moritur,
1228 3289 1496 3373 familia

434 3424 861 3508 pecuniaque
915 3422 1059 3487 eius
1130 3420 1497 3505 adqnatum

440 3552 913 3636 qentiliumque
968 3548 1158 3616 esto‘.

612 3729 757 3792 Non
804 3729 1097 3794 convenit
1170 3729 1339 3795 inter
1399 3734 1792 3800 recentiores
1855 3735 2167 3818 editores,
2237 3743 2495 3801 rectene
2560 3754 2627 3800 se

442 3848 720 3916 habeant
745 3847 978 3913 Cornif.
1004 3850 1217 3931 verba,
1267 3869 1429 3931 quae
1455 3854 1617 3918 miro
1652 3855 1821 3920 inter
1867 3874 1934 3920 se
1962 3874 2276 3931 consensu
2322 3857 2404 3920 ad
2431 3876 2625 3921 unum

444 3968 577 4035 fere
627 3988 844 4034 omnes
892 3969 1187 4034 exhibent
1231 3970 1376 4037 libri
1421 3991 1614 4037 manu
1659 3975 1897 4056 scripti.
1951 3945 2228 4058 ‘Placuit
2271 3976 2390 4046 hac
2438 3976 2630 4041 etiam

446 4089 513 4152 in
558 4089 1041 4170 quaestiuncula
1084 4089 1400 4172 proficisci
1448 4113 1486 4157 a
1530 4094 1853 4177 Kayseri
1901 4095 2199 4178 editione,
2244 4095 2337 4162 ita
2372 4103 2442 4160 ut
2479 4095 2633 4180 etin
