3116 4613
2558 236 2655 308 27

463 438 899 502 tantummodo
947 436 1261 507 laudavit:
1355 440 1522 503 ‘rom
1562 435 1854 504 breviter
1909 454 2211 503 narrare
2261 439 2652 522 poterimus,

462 569 664 633 si...
724 583 858 631 non
884 552 982 632 'ab
1027 556 1258 632 ultimo
1315 567 1505 631 initio
1553 570 1859 650 repetere
1914 564 2229 648 volemus,
2263 616 2277 630 .
2312 612 2326 628 .
2361 619 2423 632 ..
2480 572 2544 632 et
2596 569 2660 632 si

461 706 595 755 non
622 685 728 753 'aa
764 692 1150 768 extromum,
1209 687 1332 752 sed-
1362 703 1577 771 usquo
1630 705 1729 773 eo,
1789 702 1918 768 quo
1976 703 2147 769 opus
2202 686 2352 773 orit,
2403 704 2654 770 perse-

463 825 761 892 quemur,
817 812 890 872 et
942 809 1010 872 si
1064 804 1722 880 transitionibus
1777 807 2035 874 nuHis
2090 813 2403 874 vitemur
2458 806 2651 891 sqq‘.

461 927 645 991 Unde
688 925 1094 1007 perspicuum
1143 930 1272 1004 est,
1338 943 1480 989 eum
1529 930 1592 988 et
1646 928 2072 995 transitionis
2132 927 2526 993 substantivo
2592 931 2654 990 et

462 1046 863 1112 transeundi
944 1046 1138 1110 verbo
1225 1047 1491 1110 eandem
1570 1047 1696 1109 vim
1778 1047 2180 1129 adsignasse,
2265 1048 2358 1110 ita
2440 1051 2511 1109 ut
2591 1051 2653 1109 et

463 1161 1001 1232 ‘transitionibus
1054 1164 1260 1231 nullis
1293 1160 1413 1232 uti‘
1460 1170 1523 1228 et
1584 1167 1737 1231 ‘non
1782 1170 2082 1234 transire
2124 1170 2193 1234 in
2232 1166 2443 1233 aliam
2488 1163 2659 1231 retn‘

458 1285 816 1365 promiscue
847 1283 1253 1348 Cornificium
1292 1285 1357 1348 in
1392 1285 1725 1351 brevitatis
1758 1291 1821 1349 et
1857 1285 1922 1349 in
1959 1286 2431 1369 perspicuitatis
2467 1303 2649 1365 prae-

458 1405 658 1484 ceptis
673 1423 1013 1485 usurpasse
1028 1405 1465 1470 arbitraretur.
1517 1405 1643 1469 Sed
1660 1405 2001 1470 intercedit
2022 1405 2282 1485 aliquod
2304 1405 2473 1468 inter
2491 1387 2648 1468 duas

453 1521 595 1595 illas
639 1542 830 1588 voces
877 1523 1233 1588 discrimen.
1338 1525 1903 1592 ‘Transilionibns
1959 1519 2079 1592 uti‘
2135 1524 2287 1604 quid
2307 1522 2640 1603 significet,

453 1640 554 1704 vel
601 1641 839 1721 optime
888 1645 1326 1723 cognoscimus
1375 1663 1450 1706 ex
1497 1643 1780 1707 eiusdem
1837 1644 1998 1709 libro
2047 1643 2152 1722 IV,
2201 1641 2303 1721 26,
2357 1641 2435 1704 35
2486 1648 2640 1705 extr.

459 1753 899 1828 ‘Transitio
933 1769 1310 1842 vocatur,
1346 1783 1551 1848 quae
1590 1781 1821 1848 quom
1855 1762 2221 1828 ostendit
2256 1758 2645 1843 breviter,

452 1882 646 1964 quid
739 1882 1048 1949 dictum
1120 1886 1269 1970 sit,
1368 1885 1787 1968 proponit
1869 1884 2054 1948 item
2134 1879 2394 1947 brevi*
2456 1880 2653 1964 quid

448 2005 800 2084 sequalu
816 1998 907 2066 r.‘
946 2002 1082 2078 Qua
1103 2003 1169 2066 in
1196 2003 1396 2082 ipsius
1424 2003 1756 2084 scriptoris
1788 2000 2317 2082 interpretatione
2350 1998 2643 2080 acquies-

451 2120 717 2182 cendum
745 2119 928 2183 nobis
967 2123 1107 2201 erit,
1155 2141 1536 2202 quamquam
1576 2122 1948 2187 Ciceronem
1990 2129 2052 2186 et
2098 2121 2162 2184 in
2208 2118 2539 2185 brevitatis
2581 2125 2643 2182 ct

448 2239 514 2302 in
534 2240 1009 2320 perspicuitatis
1025 2242 1387 2324 praeceptis
1402 2262 1595 2306 unum
1610 2242 1908 2323 idemque
1934 2240 2339 2309 transeundi
2380 2239 2641 2304 verbum

450 2359 814 2425 adhibuisse
847 2361 1151 2425 videmus
1173 2361 1235 2442 ²¹⁴)
1285 2360 1410 2425 Sed
1449 2380 1801 2441 caveamus,
1840 2380 1920 2424 ne
1951 2379 2026 2425 ex
2052 2361 2390 2424 verborum
2424 2360 2642 2423 simili-

450 2478 669 2543 tudine
715 2499 1151 2560 praepropere
1190 2481 1266 2545 de
1313 2483 1503 2546 rebus
1535 2480 1692 2561 ipsis
1736 2480 2038 2545 iudicium
2069 2477 2395 2542 faciamus.
2442 2478 2638 2542 Nam-

455 2616 577 2676 que
625 2597 1109 2663 Ciceronianum
1168 2599 1326 2663 illud
1388 2600 1719 2664 brevitatis
1777 2604 2189 2681 praeceptum
2239 2596 2325 2666 ‘et
2392 2600 2456 2664 si
2506 2616 2640 2663 non

450 2717 660 2781 oliam
714 2720 784 2782 in
839 2736 977 2784 rem
1036 2720 1337 2803 ate’qnam
1376 2718 1815 2787 transibitur‘
1852 2717 2234 2781 nihil-habet
2266 2717 2470 2782 simile
2497 2718 2639 2781 voci

454 2834 914 2899 Cornificianae
984 2837 1064 2901 ‘si
1117 2838 1637 2905 transitionibus
1666 2839 1870 2905 nullis
1914 2835 2218 2918 utemurss
2291 2836 2638 2916 respondet

450 2959 662 3017 autem
710 2953 807 3033 iis,
857 2973 1019 3033 quae
1069 2956 1237 3035 apud
1281 2955 1516 3020 Cornif.
1569 2959 2054 3037 subsequuntur,
2101 2955 2295 3019 verba
2342 2954 2637 3019 dicimus:

452 3078 534 3138 ‘et
601 3074 666 3138 si
730 3091 864 3139 non
933 3073 1400 3141 decri-abimus
1455 3075 1542 3143 ab
1600 3096 1711 3160 eo,
1789 3077 1973 3161 quod
2022 3078 2446 3161 coeperimus
2504 3094 2638 3141 esc-

443 3199 748 3287 ponero‘‚
801 3201 882 3263 ad
929 3219 1090 3281 quae
1140 3203 1362 3265 eadem
1406 3222 1758 3283 provocare
1826 3203 2146 3267 debebunt
2205 3208 2267 3266 et
2337 3201 2467 3280 illi,
2533 3201 2640 3282 qui

449 3318 926 3402 perspicuitatis
984 3318 1142 3382 illud
1198 3327 1611 3401 praeceptum
1662 3323 1761 3388 ‘no
1827 3340 2027 3405 quam
2094 3324 2163 3387 in
2235 3323 2445 3388 aliam
2498 3340 2640 3387 rem

444 3437 913 3507 transeamus‘
975 3438 1273 3502 brevitati
1319 3440 1643 3504 vindicare
1688 3441 1902 3505 velint.
1996 3442 2121 3505 Sed
2179 3458 2307 3503 non
2355 3447 2451 3504 est
2495 3442 2637 3505 brc-

446 3559 679 3623 vitatis.
770 3556 1116 3621 Brevitatis
1165 3558 1331 3621 enim
1376 3560 1708 3639 proprium
1754 3567 1851 3623 est
1894 3560 2375 3641 praescriptum,
2443 3564 2513 3621 ut
2560 3576 2639 3621 ne

447 3680 587 3760 quis
633 3699 670 3741 a
713 3697 784 3742 re
829 3676 1163 3757 proposita
1210 3677 1463 3742 deerret
1520 3696 1679 3742 neve
1744 3698 1821 3742 ea
1863 3663 1933 3743 re
1979 3680 2234 3760 longam
2282 3678 2638 3742 orationem

445 3799 786 3879 producat3
835 3797 1329 3878 perspicuitatis,
1376 3816 1456 3860 ne
1504 3798 1859 3863 deerrando
1894 3819 1932 3862 a
1960 3818 2031 3864 re
2074 3800 2407 3881 proposita
2434 3807 2640 3863 trans-

446 3925 552 3983 eat
594 3918 659 3981 in
706 3916 924 3995 aliam,
991 3936 1115 3998 qua
1158 3936 1229 3979 re
1277 3916 1547 3981 obscura
1595 3924 1785 3998 atque
1847 3918 2156 3999 impedita
2217 3919 2328 3984 fiat
2372 3939 2632 3986 necesse

621 4071 676 4141 ¹⁸)
713 4067 860 4138 Quae
897 4066 1159 4144 inspicias
1196 4085 1399 4142 quaeso
1438 4069 1583 4143 apud
1619 4069 1795 4144 ipsum
1834 4069 1899 4124 de
1937 4069 2045 4125 inv.
2083 4067 2125 4142 1,
2163 4074 2251 4140 20,
2290 4076 2373 4131 28.
