3116 4613
506 255 604 332 48

506 471 986 538 vanitatem.
1093 449 1755 553 Infirma‘ratio
1812 472 1963 553 est,
2037 481 2212 555 quae
2264 484 2400 536 non
2452 481 2696 570 neces·-

503 599 695 683 stzrio
752 599 1045 666 ostendit
1093 601 1192 664 tta
1246 617 1410 691 esse,
1470 619 1661 684 quem
1715 600 1809 666 ad
1835 573 2116 667 madunt
2140 602 2523 686 eoepositum
2575 604 2727 683 est,-

505 725 683 792 velut
737 732 904 811 aput
942 727 1308 809 Plautum:
1550 732 2032 796 ratiocinatur.

721 852 946 921 Vana
1002 858 1230 923 ratio
1296 863 1447 940 est,
1521 875 1696 942 quae
1749 876 1837 923 ex
1886 855 2079 939 falsa
2134 875 2351 923 causa
2405 861 2694 937 constat,

505 983 632 1050 hoc
676 985 1079 1053 modo:
1137 985 1630 1067 confiteremur.
1689 984 1982 1070 Itemque
2035 983 2404 1066 infirma
2459 987 2697 1051 ratio

506 1117 660 1194 est,
720 1130 892 1197 quae
939 1131 1073 1179 non
1118 1117 1581 1201 necessariam
1617 1096 1897 1182 eausam
1937 1113 2169 1196 adfert
2208 1110 2699 1198 eoep0.s¹itiom‘.s·;

506 1240 685 1307 velut
736 1239 1077 1309 Pacuvius
1110 1237 1310 1328 'sqqf
1351 1306 1355 1310 ,

679 1371 820 1434 Duo
857 1371 1126 1454 vitiosae
1158 1372 1425 1437 rationis
1457 1390 1694 1453 genera
1726 1373 2030 1452 proponit
2051 1371 2323 1437 Cornifi:
2365 1371 2699 1452 infirmum

510 1497 573 1555 et
643 1510 910 1559 vanum.
1001 1491 1185 1567 Quod
1245 1478 1587 1574 utrumque
1650 1512 1849 1574 genus
1912 1493 2128 1556 multis
2175 1492 2240 1556 in
2286 1492 2697 1574 sequentibus

507 1612 914 1694 persequitur
959 1612 1077 1693 ita,
1142 1618 1213 1675 ut
1258 1613 1507 1678 initium
1576 1613 1785 1694 capiat
1846 1614 1923 1676 ab
1983 1611 2231 1676 infirma
2276 1612 2525 1677 ratione
2594 1632 2697 1676 ex-

506 1732 843 1812 plananda,
906 1738 1134 1813 pergat
1179 1732 1407 1796 deinde
1466 1733 1548 1796 ad
1604 1731 2046 1828 illustrandam
2091 1732 2404 1796 rationem
2451 1751 2695 1810 vanam,

510 1870 634 1934 qua
679 1851 972 1915 absoluta
1014 1857 1375 1915 revertatur
1422 1853 1627 1917 denuo
1693 1853 1774 1915 ad
1819 1851 2104 1917 infirmae
2150 1852 2418 1916 rationis
2463 1858 2699 1915 tracta-

507 1970 780 2049 tionem,
843 1971 1018 2035 cuius
1079 1970 1263 2051 plura
1344 1971 1643 2060 deinceps
1711 1973 2000 2053 exempla
2072 1978 2400 2036 enumeret
2469 1973 2694 2036 eodem

510 2070 760 2171 semper
804 2109 956 2155 usus
1002 2091 1298 2154 exordio:
1348 2090 1520 2157 ‘item
1574 2091 1845 2171 infirma
1900 2095 2084 2158 ratio
2140 2091 2282 2159 est‘.
2353 2091 2480 2155 Sed
2526 2089 2695 2169 cave,

508 2229 589 2274 ne
637 2209 975 2309 Cornificio
1023 2210 1316 2290 imputes,
1366 2210 1537 2290 quod
1581 2209 1988 2274 librariorum
2046 2209 2285 2276 factum
2356 2229 2495 2275 esse
2554 2228 2697 2291 per-

511 2332 798 2412 spicuum
845 2337 942 2396 est
989 2332 1299 2396 socordia.
1363 2332 1461 2395 An
1506 2338 1578 2394 tu
1624 2303 2153 2411 arbitrtu-istam
2198 2331 2364 2395 male
2411 2329 2699 2402 nostrum

510 2452 667 2516 artis
715 2452 1093 2532 scriptorem
1138 2472 1274 2517 rem
1321 2471 1499 2516 suam
1545 2451 1841 2532 gessisse,
1889 2457 1960 2514 ut
1991 2450 2427 2531 turpissimum
2470 2449 2536 2512 in
2570 2468 2703 2512 mo-

510 2572 656 2635 dum
704 2570 1030 2635 dirimeret
1076 2590 1289 2634 rerum
1335 2572 1566 2659 seriem
1600 2567 2007 2652 interpositis
2052 2570 2149 2648 iis,
2217 2588 2381 2651 quae
2429 2569 2702 2633 dilucide

507 2690 574 2753 in
617 2690 1061 2771 propositione
1109 2697 1486 2754 secreverat.
1560 2691 1760 2753 Immo
1818 2710 1970 2755 vero
2036 2708 2237 2756 vanae
2284 2689 2551 2753 rationis
2601 2708 2705 2752 ex-

506 2809 742 2891 positio
791 2816 900 2873 aut
963 2815 1110 2874 ante
1170 2790 1497 2874 infirmam·
1542 2811 1856 2876 rationem
1917 2817 2026 2874 aut
2083 2815 2230 2890 post
2290 2828 2430 2873 eam
2490 2809 2699 2872 locum

506 2927 718 2993 habet.
810 2929 1051 3005 Quodsi
1116 2929 1344 3008 minus,
1415 2929 1753 3010 singularis
1819 2930 2145 2994 cuiusdam
2202 2930 2442 2993 ordinis
2512 2948 2703 2993 causa

509 3068 672 3130 quae
742 3056 943 3129 esset,
1011 3046 1239 3113 afferre
1306 3050 1580 3113 debebat
1640 3048 2032 3114 Cornificius.
2125 3048 2320 3113 Cuius
2380 3067 2455 3111 ex
2516 3068 2701 3129 argu-

505 3176 720 3234 mento
769 3169 941 3250 quod
995 3168 1172 3232 aiunt
1239 3188 1272 3233 e
1341 3168 1593 3233 silentio
1657 3188 1844 3234 nemo
1891 3187 2019 3231 non
2067 3186 2180 3232 suo
2228 3169 2365 3232 iure
2414 3169 2694 3249 suspica-

506 3289 697 3369 bitur,
743 3288 909 3352 male
958 3294 1021 3352 et
1065 3288 1167 3353 hie
1214 3289 1672 3354 sententiarum
1719 3289 2005 3352 ordinem
2054 3307 2193 3353 esse
2238 3289 2699 3370 perturbatum.

509 3410 684 3485 Quae
708 3428 847 3472 cum
876 3408 967 3472 ita
991 3410 1133 3489 sint,
1181 3410 1305 3472 iam
1342 3410 1422 3472 ad
1448 3408 2039 3472 Schuetzianam
2070 3409 2244 3473 illam
2268 3407 2702 3488 confugiamus

508 3529 845 3592 verborum
891 3519 1472 3610 transpositionem,
1523 3546 1686 3607 quae
1734 3528 1947 3591 nescio
1994 3547 2118 3607 quo
2157 3536 2345 3609 pacto
2388 3530 2465 3592 ab
2505 3529 2705 3591 omni-

508 3650 627 3713 bus
671 3647 874 3710 adhuc
935 3635 1288 3713 editoribus
1345 3647 1685 3728 repudiata
1742 3648 1806 3710 in
1860 3648 2251 3713 oblivionem
2314 3666 2517 3729 paene
2581 3648 2706 3711 iam

510 3767 786 3831 adducta
832 3772 987 3830 erat.
1076 3767 1338 3831 Rectius
1385 3768 1602 3849 itaque
1648 3768 1962 3847 legamus:

721 3913 1008 3980 ‘Vitiosa
1061 3906 1244 4014 ratio
1300 3919 1428 3996 est,
1503 3933 1679 4000 quae
1733 3915 1829 3981 ad
1880 3915 2365 3999 eoepost'tionem
2421 3928 2554 3978 non
2607 3914 2707 3977 est

512 4044 1050 4113 adcommodata·
1085 4041 1193 4108 vet
1209 4047 1500 4127 propter
1552 4044 2012 4124 infirmitatem
2044 4044 2152 4111 vet
2174 4032 2461 4130 propter
2516 4042 2706 4108 vani-
