3116 4613
445 226 487 296 6

442 425 762 492 cotidiano
830 445 1175 508 puerorum
1235 424 1656 491 institutionis
1715 445 1977 491 munere
2049 426 2290 508 aliquid
2336 427 2641 508 temporis

443 549 792 629 supererit,
853 549 979 613 alio
1040 550 1182 613 1000
1230 549 1490 614 uberius
1547 548 1912 630 disputandi
1960 550 2210 615 occasio
2258 552 2442 617 nobis
2490 550 2644 615 offe—

442 672 638 731 retur.
686 668 825 732 Hoc
857 668 1000 731 loco
1050 668 1205 732 satis
1251 667 1444 731 fuerit
1492 686 1935 750 commonere,
1986 671 2362 735 delitescere
2407 670 2472 733 in
2517 670 2641 734 illis

445 804 608 865 quae
664 785 957 850 feruntur
1022 786 1627 868 interpolationibus
1694 786 1867 851 haud
1928 808 2074 853 raro
2121 791 2222 855 vel
2268 778 2656 871 gravissima

447 909 621 988 vitia,
690 910 917 990 quibus
965 910 1106 973 aliis
1156 908 1500 973 conflictati
1548 909 1674 972 sint
1719 909 1866 974 libri
1915 911 2337 976 Cornificiani.

616 1029 866 1093 Accidit
911 1030 1077 1093 enim
1123 1030 1189 1092 111
1232 1029 1331 1092 his
1374 1027 1575 1107 libris,
1625 1028 1733 1108 qui
1779 1034 1990 1103 tantas
2037 1030 2180 1096 illas
2228 1032 2493 1097 iniurias
2542 1051 2644 1095 ex-

445 1149 613 1230 perti
647 1156 810 1229 sunt,
858 1155 929 1212 ut
965 1150 1130 1213 male
1170 1153 1451 1212 mutatus
1488 1148 1810 1213 interdum
1858 1153 2051 1216 etiam
2095 1153 2437 1217 verborum
2485 1155 2641 1217 ordo

448 1270 632 1334 nobis
677 1270 1080 1350 praebeatur,
1128 1270 1220 1333 ita
1265 1274 1336 1332 ut
1360 1268 1549 1330 modo
1590 1269 1838 1349 singula
1876 1272 2206 1350 vocabula,
2253 1278 2431 1336 totae
2455 1274 2645 1336 modo

453 1391 808 1455 sententiae
878 1392 956 1454 ab
1016 1408 1143 1453 uno
1190 1390 1255 1452 in
1302 1389 1572 1452 alterum
1635 1389 1846 1452 locum
1894 1391 2242 1455 translatae
2290 1411 2430 1456 esse
2475 1393 2648 1455 vide-

452 1515 657 1575 antur.
752 1511 889 1587 Qua
933 1513 998 1576 in
1043 1530 1113 1575 re
1158 1509 1297 1574 fieri
1342 1529 1470 1573 11011
1513 1509 1763 1589 potuit,
1835 1513 1985 1590 quin
2055 1513 2287 1593 duplex
2354 1515 2649 1577 damnum

454 1632 784 1712 scriptoris
831 1631 1042 1696 verbis
1091 1630 1593 1710 contraheretur,
1644 1649 1782 1694 cum
1829 1632 1931 1697 hic
1972 1634 2437 1713 omitterentur,
2489 1652 2650 1713 quae

459 1754 595 1818 sine
643 1753 1026 1817 detrimento
1077 1752 1432 1816 sententiae
1481 1753 1704 1816 deesse
1750 1771 1878 1815 non
1924 1759 2218 1833 possent,
2277 1753 2425 1833 illic,
2491 1772 2653 1834 quae

454 1893 667 1939 rerum
741 1892 813 1937 ac
868 1873 1206 1937 verborum
1267 1872 1497 1935 seriem
1571 1871 2142 1952 interrumperent,
2205 1891 2401 1952 prave
2465 1871 2655 1936 infer-

453 2000 692 2059 rentur.
785 1993 959 2070 Quae
1004 1992 1344 2057 verborum
1398 1992 1933 2072 transpositiones
1982 1993 2142 2056 adeo
2192 2011 2650 2073 saepenumero

459 2113 838 2194 conspicuae
889 2118 1062 2192 sunt,
1132 2118 1202 2175 ut
1263 2111 1544 2190 mireriS,
1609 2111 1781 2191 quod
1842 2130 2028 2175 nemo
2098 2112 2302 2177 adhuc
2371 2132 2535 2177 unus
2593 2113 2657 2176 111

467 2236 996 2317 disceptationem
1044 2233 1612 2316 quaestionemque
1663 2250 1770 2296 eas
1816 2232 2157 2296 vocaverit.

630 2357 815 2421 Unde
844 2356 1177 2420 consilium
1201 2354 1385 2419 nobis
1428 2359 1639 2416 ortum
1674 2358 1770 2415 est
1805 2352 2245 2432 quaestionem
2286 2351 2658 2415 instituendi

462 2476 540 2539 de
586 2478 926 2540 verborum
989 2476 1241 2562 aliquot
1300 2472 1937 2552 transpositionibus,
2012 2479 2082 2535 ut
2143 2474 2194 2536 si
2261 2472 2418 2536 nihil
2465 2472 2655 2551 aliud,

457 2594 580 2658 hoc
629 2594 853 2659 saltem
902 2595 1425 2676 adsequeremur,
1492 2599 1564 2656 ut
1621 2593 2058 2658 demonstrata
2104 2593 2229 2657 alia
2276 2593 2655 2657 emendandi

461 2715 710 2779 ratione
756 2716 836 2778 ad
875 2714 1172 2800 Cornifici
1215 2716 1413 2780 libros
1458 2714 2079 2793 peraccommodata,
2129 2719 2653 2794 quantumesset

462 2835 525 2898 in
550 2836 752 2915 nobiS,
802 2836 1314 2900 dissuaderemus
1361 2836 1439 2898 ab
1483 2834 1594 2897 illa
1637 2836 1740 2898 via
1778 2841 2021 2898 temere
2053 2834 2423 2914 insistenda,
2473 2853 2655 2915 quae,

465 2956 750 3036 quamvis
795 2956 1113 3021 viatorum
1159 2956 1429 3036 pedibus
1499 2955 1692 3034 trita,
1759 2974 1887 3019 non
1948 2956 2264 3021 neminem
2310 2963 2525 3021 tamen
2569 2956 2663 3019 in-

466 3075 732 3157 provide
778 3069 1242 3156 ingredientem
1288 3082 1722 3142 transversum
1772 3078 2023 3158 egisset.

638 3194 1100 3271 Quaerentibus
1147 3201 1360 3260 autem
1405 3196 1609 3276 nobis,
1670 3197 1837 3261 unde
1902 3196 2230 3277 profectae
2289 3215 2430 3261 esse
2490 3197 2664 3261 vide·

469 3323 656 3381 antur
730 3316 878 3381 illae
945 3317 1010 3379 111
1078 3317 1258 3382 libris
1318 3317 1888 3397 transpositioneS,
1957 3323 2029 3380 ut
2095 3318 2663 3398 interpolationum

471 3457 700 3518 supra,
749 3436 838 3501 sic
902 3453 1119 3499 earum
1164 3436 1445 3516 ipsarum
1507 3437 1740 3517 duplex
1784 3437 2186 3518 potissimum
2234 3458 2431 3520 genus
2478 3440 2661 3505 nobis

473 3557 595 3621 erit
641 3555 1183 3636 distinguendum:
1247 3575 1440 3619 unum
1489 3573 1734 3635 earum,
1799 3577 1961 3639 quae
2010 3579 2086 3624 ex
2126 3557 2664 3627 homoeoteleutis

472 3684 662 3743 natae
709 3678 865 3757 sint,
937 3678 1207 3742 alterum
1255 3697 1504 3758 earum,
1575 3697 1842 3759 quarum
1890 3678 1955 3741 in
1996 3679 2209 3743 causis
2255 3679 2491 3744 fuerint
2538 3681 2665 3746 Cic.

477 3799 555 3862 de
600 3798 723 3861 inv.
772 3797 936 3862 libri.
1710 3785 1714 3790 ’

646 3917 732 3980 Ε1
775 3917 933 3980 illud
980 3918 1234 3998 quidem
1296 3917 1864 3997 transpositionum
1923 3936 2154 3998 genus,
2226 3903 2398 3999 quod
2462 3924 2670 3982 ortum

480 4056 620 4104 esse
667 4037 935 4102 diximus
983 4056 1059 4103 ex
1100 4037 1656 4116 homoeoteleutis,
1702 4038 1989 4119 pluribus
2025 4038 2236 4105 verbis
2284 4038 2435 4120 quin
2481 4038 2672 4103 etiam
