3116 4613
444 263 539 333 40

438 465 645 546 legem
701 464 765 528 in
821 484 1009 529 unam
1057 464 1451 545 eandemque
1496 464 1787 529 voculam
1834 464 2026 536 ‘esto‘
2089 468 2279 548 exire,
2347 467 2631 544 alteram,

439 588 733 667 tertiam,
803 593 1096 668 quartam
1156 587 1382 651 iisdem
1427 588 1639 652 verbis
1688 588 1773 655 ‘et
1826 588 1961 656 lesc‘
2026 590 2333 677 exordiri,
2406 591 2499 653 ita
2563 597 2634 654 111

440 716 542 774 161·
606 707 924 772 efficiatur
986 709 1156 772 idem
1229 708 1307 771 ab
1375 726 1503 770 una
1568 708 1633 771 in
1713 709 1978 773 alteram
2048 710 2255 790 legem
2328 713 2632 776 transitus

448 830 714 898 ίΕΞΤΟ.
836 828 955 895 ET
1045 827 1274 899 LEX‘.
1395 828 1532 904 Qua
1568 830 1633 893 in
1670 848 1738 893 re
1774 828 1914 893 fieri
1944 849 2072 894 non
2094 831 2322 911 potuit,
2373 832 2523 911 quin
2553 833 2627 895 li-

442 950 711 1029 brarius,
758 950 966 1014 minus
990 949 1457 1013 transcribendi
1505 950 1765 1030 negotio
1813 949 2113 1031 intentus,
2164 951 2475 1015 consimili
2523 971 2635 1016 seu

441 1070 668 1133 eodem
713 1070 988 1134 transitu
1035 1069 1340 1149 deceptus
1402 1071 1480 1134 ab
1534 1089 1664 1133 una
1721 1069 1787 1132 in
1842 1069 2108 1133 alteram
2165 1070 2369 1151 legem
2436 1072 2634 1136 oculis

445 1191 810 1268 deerraret,
859 1189 1235 1268 adiungeret
1279 1195 1524 1269 postea,
1593 1207 1754 1269 quae
1799 1189 2011 1253 media
2076 1180 2414 1270 omiserat,
2459 1190 2634 1271 leges

443 1309 709 1372 dicimus
770 1310 1111 1373 secundam
1160 1315 1224 1373 et
1281 1309 1570 1388 tertiam,
1635 1309 1743 1389 iis,
1812 1309 2039 1388 quibus
2092 1310 2250 1374 nihil
2312 1329 2451 1373 cum
2509 1310 2634 1374 illis

440 1429 780 1493 intercedit
839 1428 1297 1507 similitudinis,
1391 1427 1757 1506 dirimeret,
1838 1447 2000 1508 quae
2069 1429 2442 1509 incorrupta
2504 1446 2633 1492 ser-

443 1549 650 1613 monis
695 1548 1064 1628 integritate
1113 1549 1323 1613 dirimi
1369 1547 1878 1611 non-debebant.

612 1668 795 1744 Quod
863 1668 1198 1748 quominus
1276 1669 1368 1731 ita
1442 1667 1681 1731 factum
1760 1686 1900 1732 esse
1978 1668 2468 1747 contendamuS,
2555 1688 2634 1732 ne

439 1787 504 1850 id
582 1787 838 1867 quidem
915 1788 1209 1868 impedit,
1296 1787 1466 1868 quod
1539 1787 1605 1850 in
1686 1787 2030 1852 deterrimo
2104 1788 2316 1868 aliquo
2397 1780 2640 1868 codice,

437 1905 595 1985 Aug.
618 1956 632 1985 ,
714 1906 934 1970 eadem
1001 1907 1112 1971 illa
1188 1907 1289 1972 lex
1355 1878 1544 1970 aucta
1611 1908 1931 1972 nonnullis
1997 1907 2207 1972 verbis
2287 1907 2635 1987 exhibetur,

437 2024 607 2088 unde
656 2025 1122 2091 Schuetzius
1169 2032 1234 2090 et
1277 2027 1342 2090 in
1376 2028 1747 2093 melioribus
1793 2028 1971 2092 libris
2010 2025 2490 2108 interpolatoris
2535 2027 2636 2090 hic

438 2165 661 2210 manus
688 2151 1010 2226 grassatas
1059 2165 1199 2212 esse
1233 2147 1608 2227 suspicatur.
1659 2148 2003 2212 Videamus
2037 2147 2221 2226 enim,
2257 2166 2338 2210 116
2371 2147 2634 2209 nimium

440 2265 679 2330 tribuat
745 2265 843 2329 vir
911 2265 1312 2331 doctissimus
1370 2267 1699 2332 deterrimi
1743 2248 1889 2332 libri
1936 2266 2136 2347 nugis.
2230 2265 2349 2342 Qui
2392 2266 2634 2330 utinam

441 2386 722 2466 dixisset,
769 2387 942 2450 illam
988 2385 1194 2466 legem
1239 2386 1304 2448 in
1350 2386 1564 2467 aliquo
1612 2388 1774 2453 libro
1824 2388 2078 2450 omnino
2128 2405 2266 2451 esse
2315 2388 2632 2465 omissam,

439 2505 609 2569 haud
632 2506 761 2570 scio
797 2525 877 2568 an
896 2505 1099 2585 magis
1122 2523 1198 2568 ea
1216 2524 1287 2569 re
1312 2505 1645 2571 adiuturus
1671 2506 1865 2572 fuerit
1894 2506 2409 2588 interpolationis
2432 2506 2633 2587 suspi-

441 2624 706 2688 cionem.
796 2625 1071 2704 Etenim,
1122 2625 1561 2690 consentiente
1607 2625 1725 2689 hac
1791 2626 1857 2689 in
1902 2645 1973 2690 re
2021 2626 2300 2689 omnium
2347 2625 2634 2689 codicum

442 2743 860 2822 auctoritate,
936 2762 1143 2823 neque
1211 2744 1278 2807 id
1350 2744 1721 2823 cuiusquam
1797 2744 2099 2825 ponderis
2160 2763 2298 2809 esse
2358 2745 2631 2825 debebit,

445 2864 614 2943 quod
671 2862 711 2926 1.
768 2863 808 2926 l.
870 2862 1039 2943 apud
1087 2862 1460 2927 Ciceronem
1527 2870 1660 2928 tres
1723 2869 1966 2927 tantum
2037 2864 2214 2944 leges
2281 2864 2347 2927 in
2411 2865 2634 2927 eadem

441 3002 632 3047 causa
677 2980 1043 3061 afferuntur,
1094 2982 1270 3047 cuius
1329 2982 1487 3047 alias
1535 3000 1789 3063 quoque
1847 2983 1913 3047 in
1960 3001 2038 3046 ea
2079 3002 2150 3047 re
2197 2983 2633 3064 deprehenda-

437 3120 577 3165 mus
626 3100 1103 3181 discrepantias.

613 3221 739 3284 Sed
776 3221 970 3284 animi
1010 3239 1200 3284 causa
1233 3219 1663 3301 inspiciamus,
1699 3222 1817 3286 hac
1844 3222 1921 3285 de
1964 3240 2034 3284 re
2079 3220 2144 3303 (l.
2175 3220 2215 3284 1.
2243 3242 2302 3303 p.
2333 3222 2416 3287 17
2438 3224 2632 3305 med.)
2717 3213 2724 3219 ’

441 3341 593 3423 quid
617 3340 819 3405 visum
867 3340 1406 3406 sitOstmanno.
1464 3342 1584 3418 Qui
1628 3348 1968 3422 postquam
1994 3342 2444 3423 interpolatam
2494 3363 2632 3409 esse

438 3461 612 3525 illam
664 3460 902 3540 legem,
974 3479 1181 3554 quam⁴
1225 3462 1394 3543 apud
1461 3461 1588 3525 Cic.
1652 3461 1691 3524 1.
1755 3460 1795 3524 1.
1857 3459 2096 3526 frustra
2160 3482 2629 3543 quaereremus,

441 3580 868 3646 Schuetzio
920 3582 1268 3661 concessit,
1342 3581 1419 3645 de
1483 3581 1998 3662 interpolationis
2066 3580 2243 3645 fonte
2302 3581 2460 3647 haec
2524 3584 2633 3647 ad-

442 3700 629 3778 didit:
681 3698 940 3779 ‘Atqui
986 3699 1375 3781 videmus,
1425 3701 1815 3781 quomodo
1864 3700 2422 3780 interpolator
2465 3679 2632 3765 eam

443 3818 999 3902 composuerit.
1071 3820 1437 3885 Priorem
1479 3825 1795 3902 partem
1844 3840 1934 3885 ex
1981 3819 2407 3885 Ciceronis
2449 3825 2632 3909 „qui-

441 3942 598 4007 dam
660 3941 1000 4008 iudicatus
1066 3946 1166 4007 est
1229 3947 1583 4025 parentem
1648 3934 2016 4008 occidisse“
2098 3947 2167 4005 et
2237 3940 2645 4005 Cornifici·

439 4059 835 4150 „Malleolus
901 4060 1241 4128 iudicatus
1296 4065 1396 4126 est
1461 4065 1745 4127 matrem
1817 4056 2133 4129 necasse“
2201 4060 2627 4142 congessit,
