3116 4613
492 302 589 377 42

663 500 900 571 Cornif.
950 504 998 584 I,
1053 502 1151 585 14,
1202 503 1281 568 24
1329 502 1410 568 in.

575 641 1013 710 ‘Iuridicialis
1028 642 1414 708 constitutio
1422 645 1546 723 est)

484 789 683 854 *quom
738 769 998 853 factum
1053 771 1395 852 convenit,
1452 775 1554 835 set

490 901 640 966 iure
694 918 784 966 an
838 901 1095 966 iniuria
1130 895 1388 979 factum
1441 899 1547 979 sit,

492 1031 865 1114 quaeritur.
922 1027 1089 1093 Eius
1110 1028 1548 1092 constitutio-

490 1161 595 1224 nis
645 1162 885 1242 partes
925 1158 1083 1222 sunt
1114 1153 1308 1236 duae,
1367 1173 1549 1238 qua-

490 1302 639 1352 rum
706 1302 844 1351 una
898 1280 1253 1366 apsoluta,
1325 1280 1551 1347 altera

490 1413 919 1497 adsumptiva
950 1412 1357 1476 nominatur.
1388 1408 1546 1494 Ap-

490 1539 775 1606 soluta
842 1543 1001 1621 cst,
1085 1557 1281 1625 quom
1339 1588 1546 1607 .....

492 1667 1045 1754 Adsumptiva
1111 1686 1326 1754 pars
1399 1673 1546 1750 cst,

493 1815 689 1881 quom
743 1815 875 1882 per
939 1815 1012 1863 sc
1076 1795 1376 1878 defensio
1434 1798 1549 1862 in-

488 1926 701 2008 firma
771 1930 904 2008 cst,
990 1926 1353 2010 adsumpta
1423 1944 1552 1991 esc-

493 2057 718 2122 traria
738 2073 814 2121 rc
840 2053 1323 2139 conprobatur.
1395 2054 1448 2119 A
1466 2054 1551 2119 d-

490 2185 950 2267 sumptivac
1007 2187 1316 2267 partes
1371 2187 1556 2248 sunt

1757 501 1885 582 Cic,
1937 499 2015 566 de
2061 499 2183 565 inv.
2227 500 2276 580 Ι,
2327 499 2424 581 11,
2475 498 2553 566 15
2598 500 2679 566 111.

1731 641 1845 708 ‘Ac
1931 638 2344 707 iuridicialis
2425 640 2685 724 quidem

1624 762 1778 856 ipsa
1832 772 1899 835 in
1958 770 2131 836 duas
2162 768 2481 836 tribuitur
2497 787 2684 854 par—

1626 907 1743 982 tes,
1802 897 2183 965 absolutam
2237 902 2300 963 et
2359 897 2684 980 adsump-

1626 1033 1849 1097 tivam.
1893 1025 2295 1093 Absoluta
2332 1030 2470 1107 cst)
2514 1044 2686 1109 quac

1624 1162 1777 1244 ipsa
1832 1159 1898 1223 in
1951 1174 2022 1223 se
2078 1156 2374 1221 continet
2414 1156 2591 1220 iuris
2625 1158 2687 1219 et

1626 1288 1926 1353 iniuriae
1980 1285 2482 1367 quaestionem,-
2536 1282 2685 1347 ad-

1625 1416 2066 1499 sumptiva,
2145 1429 2317 1494 quae
2380 1398 2536 1496 ipsa
2601 1430 2686 1476 ec

1626 1560 1697 1608 sc
1751 1541 1924 1608 nittit
1971 1542 2091 1607 dat
2149 1538 2343 1621 sirmi
2403 1539 2498 1603 ad
2565 1556 2686 1604 rc-

1629 1673 2063 1751 cusationem,
2099 1668 2278 1751 foris
2309 1672 2529 1733 autem
2559 1666 2686 1733 ali-

1628 1799 1791 1886 quid
1879 1796 2292 1880 defcnsionis
2377 1796 2686 1862 adsumit.

1626 1926 1793 1993 Eius
1838 1930 2081 2012 partes
2135 1930 2293 1991 sunt
2344 1928 2684 2008 quattuor,

1629 2056 1995 2136 concessio,
2035 2054 2381 2119 remotio
2414 2052 2688 2116 crimi-

1628 2186 1790 2266 niS‚
1874 2181 2195 2248 relatio
2273 2170 2686 2259 criminis,

494 2317 855 2396 quattuor:
894 2314 1261 2392 concessi0,
1294 2314 1554 2376 remo-⁴
1631 2311 2089 2397 conparatiof

495 2444 614 2509 tio
660 2442 1055 2523 criminis,
1101 2439 1554 2505 translatio

502 2588 537 2634 c
554 2571 698 2634 rim
715 2569 790 2634 in
806 2569 892 2648 is,
961 2586 1083 2633 con
1084 2565 1424 2660 paz-actos

668 2694 907 2770 Quibus
953 2694 1018 2757 in
1062 2694 1272 2759 verbis
1317 2693 1383 2756 id
1429 2694 1636 2775 ipsum
1683 2695 1912 2776 opinor
1955 2695 2147 2761 habet
2194 2695 2435 2774 aliquid
2494 2692 2688 2757 offen-

498 2812 712 2891 sionis,
760 2814 930 2892 quod
967 2814 1032 2875 in
1067 2812 1460 2906 exponendis⁶
1492 2813 1866 2879 iuridicialis
1896 2815 2367 2880 constitutionis
2401 2813 2688 2894 partibus

499 2931 870 3017 ‘apsolata‘
904 2932 1285 2997 adiectivum
1329 2933 1495 2997 nude
1526 2934 1807 3014 positum
1858 2935 2147 3016 sequitur
2186 2932 2682 3019 ‘adsumpte‘ca‘,

489 3055 718 3137 partis
775 3052 1169 3117 substantivo
1215 3054 1477 3131 proprie
1526 3054 1869 3135 adscripto,
1916 3054 2296 3136 praesertim
2344 3074 2484 3119 cum
2531 3072 2690 3120 con-

497 3174 863 3239 stitutionis
904 3191 1092 3252 quam
1140 3178 1370 3259 partis
1427 3193 1648 3238 vocem
1681 3176 1761 3238 ad
1790 3183 2128 3257 utrumque
2169 3176 2549 3240 adiectivum
2596 3175 2689 3237 in-

496 3291 802 3370 tellegere
856 3292 1175 3358 malueris.
1266 3294 1560 3373 Accedit,
1622 3296 1793 3373 quod
1852 3296 2252 3376 adsumptiva
2319 3294 2688 3358 constitutio

497 3412 857 3491 insequenti
905 3414 1222 3477 sententia
1265 3415 1331 3477 in
1374 3414 1591 3494 plures
1639 3420 1702 3478 et
1748 3414 1886 3493 ipsa
1931 3421 2145 3495 partes
2207 3414 2535 3492 dividitur,
2601 3413 2692 3475 ita

496 3540 567 3596 ut
615 3534 692 3597 de
739 3533 981 3597 duabus
1030 3533 1328 3613 deinceps
1373 3533 1707 3598 sententiis
1768 3534 1971 3598 altera
2032 3533 2282 3596 initium
2341 3532 2550 3612 capiat
2611 3532 2688 3595 ab

502 3653 953 3737 ‘adsumptiva
972 3672 1151 3737 pars
1172 3651 1293 3719 est‘
1319 3654 1521 3718 altera
1549 3654 1628 3719 ab
1678 3651 2166 3738 ‘adsumptivac
2197 3659 2439 3737 partes
2481 3649 2686 3735 sunt‘,

498 3790 761 3835 numero
800 3775 1030 3859 partis
1069 3773 1363 3838 vocabuli
1389 3773 1828 3837 tantummodo
1860 3779 2264 3836 commutato.
2311 3772 2496 3836 Unde
2520 3771 2692 3835 haud

500 3891 775 3955 alienum
830 3890 1023 3955 fuerit
1088 3894 1422 3974 suspicari,
1488 3894 1942 3974 interpolatum
1989 3893 2053 3955 111
2097 3892 2313 3973 priore
2375 3893 2691 3956 sententia

501 4029 640 4075 esse
685 4011 843 4074 illud
889 4012 1347 4076 substantivum
1396 4013 1628 4098 ‘pars‘.
1697 4010 1871 4086 Quae
1919 4009 2193 4091 suspicio
2239 4011 2441 4092 magis
2497 4013 2688 4077 etiam

498 4127 786 4198 firmatur
828 4131 1253 4201 recentiorum
1287 4132 1684 4216 quorundam
1730 4131 2018 4198 codicum
2062 4132 2357 4212 lectione,
2403 4132 2577 4198 velut
2622 4132 2688 4197 in
