3116 4613
488 230 586 301 32

488 449 706 513 sonas,
753 432 846 496 ita
889 440 961 497 ut
1007 430 1114 515 qui
1159 437 1351 500 modo
1399 434 1626 504 fuisset
1673 435 2105 522 adversarius,
2152 437 2324 507 idem
2369 440 2434 509 in
2481 446 2682 511 altero

488 552 773 632 exemplo
821 553 1087 634 loquens
1132 557 1270 637 ipse
1315 559 1754 638 induceretur,
1806 561 1913 640 qui
1958 561 2227 641 loquens
2272 566 2463 629 modo
2514 573 2683 630 esset

488 672 801 754 inductuS,
850 674 1019 738 idem
1067 677 1414 741 adversarii
1464 676 1695 741 deinde
1741 686 1957 758 partes
2003 688 2239 760 ageret.
2337 682 2456 758 Qui
2503 702 2685 748 accu-

487 798 701 856 sarent
764 793 1106 857 matricidii
1164 795 1484 875 Orestem,
1553 796 1631 859 iis
1693 796 1851 860 utile
1916 816 2055 861 esse
2103 799 2391 864 confiteri
2451 803 2678 883 ipsum,

486 919 754 975 matrem
780 931 817 975 a
853 930 920 976 se
961 931 1101 977 esse
1133 906 1553 995 interfectam,
1604 916 1712 995 qui
1750 915 2182 996 defenderent,
2228 918 2308 983 iis
2339 921 2480 984 usui
2519 941 2681 1001 esse,

489 1038 553 1096 et
598 1031 999 1096 adversarios
1048 1033 1354 1116 confiteri,
1391 1050 1429 1097 a
1459 1033 1966 1116 Clytaemnestra
2009 1055 2232 1101 necem
2254 1037 2499 1103 illatam
2544 1059 2684 1104 esse

486 1150 966 1232 Agamemnoni.
1619 1224 1622 1227 ,

659 1274 1041 1354 Acquiescat
1089 1271 1196 1353 qui
1241 1272 1395 1336 velit
1440 1273 1505 1336 in
1566 1273 1686 1336 hac
1749 1273 2160 1339 subtilissima
2202 1276 2326 1340 loci
2371 1276 2685 1357 interpre-

486 1393 750 1472 tatione,
801 1392 1094 1473 equidem
1139 1409 1268 1454 non
1313 1393 1732 1472 acquiescam.
1782 1391 2045 1472 Nequeo
2094 1394 2260 1457 enim
2295 1395 2683 1475 persuadere

486 1510 660 1590 mihi,
710 1511 817 1590 qui
865 1511 1138 1591 scriptor
1185 1511 1434 1576 dicendi
1478 1513 1935 1594 perspicuitate
1975 1513 2144 1576 haud
2184 1532 2425 1595 paucos
2464 1533 2682 1596 super-

489 1632 631 1712 arit,
680 1632 950 1695 eundem
994 1631 1097 1695 hic
1145 1630 1504 1711 scripsisse,
1569 1633 1739 1711 quod
1798 1651 1835 1695 a
1888 1634 2204 1696 communi
2248 1634 2684 1715 intellegentia

486 1751 672 1832 plane
721 1745 1101 1815 disiunctum
1145 1751 1265 1814 nisi
1313 1750 1720 1832 argutissima
1766 1751 2186 1833 explicatione
2225 1754 2507 1835 intellegi
2544 1755 2680 1816 'non

486 1870 706 1951 possit.
783 1869 909 1933 Sed
952 1869 1018 1932 in
1065 1869 1470 1933 diiudicanda
1512 1868 1632 1932 hac
1669 1889 1739 1934 re
1776 1870 1946 1934 haud
1981 1872 2163 1952 parvi
2200 1875 2320 1938 erit
2355 1874 2676 1952 momenti,

489 1988 641 2071 quid
674 1989 793 2054 sibi
816 1989 1012 2053 velint
1037 1990 1233 2054 verba
1280 1988 1487 2057 ‘item
1541 2008 1578 2057 e
1633 1991 2142 2077 contrario‘,
2200 2011 2451 2073 quoque
2485 1991 2673 2054 modo

489 2110 615 2175 sint
676 2109 1064 2190 explicanda.
1155 2110 1569 2190 Respondent
1628 2115 1873 2190 autem,
1940 2111 2003 2173 ni
2068 2111 2321 2191 egregie
2381 2109 2674 2188 fallimur,

488 2229 1010 2296 antecedentibus
1089 2227 1186 2297 ‘si
1251 2249 1393 2316 ea,
1485 2248 1703 2315 quae
1774 2230 2026 2297 utilia
2100 2229 2344 2297 nobis
2416 2235 2677 2312 erunt,

485 2371 522 2418 e
543 2370 581 2418 0
600 2371 644 2419 n
661 2371 695 2419 v
719 2371 754 2418 e
777 2349 1065 2437 nz‘ent‘,
1124 2351 1290 2415 unde
1317 2351 1705 2431 colligamus,
1734 2352 2049 2432 duplicem
2065 2352 2416 2417 instituisse
2442 2350 2676 2415 Cornif.

484 2472 799 2535 rationem
846 2489 1097 2550 eorum,
1168 2489 1331 2552 quae
1391 2471 1801 2535 convenirent
1857 2471 2041 2535 nobis
2089 2490 2229 2535 cum
2276 2471 2676 2535 adversariis.

486 2592 612 2655 Aut
660 2590 823 2654 enim
863 2589 1046 2653 utilia
1077 2590 1260 2654 nobis
1298 2609 1436 2655 esse
1471 2598 1582 2654 aut
1611 2610 1739 2655 non
1770 2609 1908 2655 esse
1946 2591 2145 2653 utilia.
2195 2590 2377 2666 Quod
2408 2589 2678 2653 alterum

489 2712 543 2779 ‘e
600 2710 1081 2782 οοηινανῑοί
1124 2728 1279 2773 voce
1341 2710 1727 2791 significasse
1795 2728 1937 2773 eum
2002 2714 2494 2773 consentaneum
2562 2715 2678 2788 est,

492 2849 682 2912 quam
729 2830 1088 2911 oppositam
1134 2830 1569 2896 existimamus
1617 2850 1754 2896 esse
1816 2830 2066 2899 ‘utilia‘
2129 2829 2441 2895 adiectivo
2509 2830 2679 2910 quod

486 2950 663 3014 aiunt
707 2948 1160 3031 praedicativo.
1224 2948 1361 3024 Qua
1407 2951 1630 3014 eadem
1663 2953 1996 3033 negativae
2032 2969 2220 3032 quam
2254 2950 2468 3013 dicunt
2501 2950 2675 3014 vocis

487 3066 948 3151 significatione
992 3068 1322 3149 usurpavit
1381 3068 1435 3137 ‘e
1468 3070 1858 3139 eontrario‘
1889 3069 2125 3134 Cornif.
2176 3070 2368 3134 etiam
2413 3069 2505 3149 II,
2576 3068 2673 3148 11,

487 3191 569 3256 16
621 3191 704 3254 in.
800 3188 897 3257 ‘Si
948 3188 1330 3274 ambientem
1381 3208 1527 3257 esse
1567 3193 1895 3277 seriptum
1942 3190 2322 3277 putabitur,
2385 3240 2400 3255 .
2435 3242 2495 3257 ..
2550 3187 2676 3255 hoe

483 3312 678 3378 modo
712 3309 1144 3378 tractandum
1185 3315 1322 3376 esc:
1371 3310 1662 3404 primum
1691 3312 1861 3377 sitne
1889 3309 2288 3397 ambiquum,
2333 3326 2677 3394 quaeren-

489 3433 642 3499 dum
697 3434 817 3511 est,
876 3429 1112 3496 deinde
1167 3446 1296 3514 quo
1352 3430 1547 3496 modo
1605 3431 1935 3514 seriptum
1988 3436 2183 3513 esset,
2241 3430 2305 3495 si
2353 3427 2442 3510 id,
2502 3428 2683 3512 quod

486 3551 888 3617 adversarii
918 3550 1466 3633 interpretentur,
1523 3551 1826 3635 scriptor
1865 3550 2022 3631 fieri
2046 3550 2385 3628 voluisset,
2435 3551 2677 3612 oscen-

486 3670 772 3737 dendum
826 3672 976 3749 es&
1030 3666 1267 3734 deinde
1302 3669 1391 3751 id,
1453 3669 1636 3753 quod
1674 3686 1798 3735 nos
1837 3670 2371 3754 interpretemur,
2429 3671 2495 3733 ec
2526 3666 2683 3747 fieri

477 3806 686 3873 posse
749 3793 813 3855 et
877 3787 1172 3869 honeste,
1242 3792 1454 3870 reete,
1528 3788 1700 3873 leye,
1769 3806 1983 3871 more,
2041 3792 2329 3867 natura,
2389 3786 2561 3852 bono
2616 3790 2679 3851 et

488 3924 709 3992 aequo
795 3906 951 3987 fieri
1045 3924 1296 3991 posse,·
1403 3907 1585 3990 quod
1645 3908 2044 3975 advorsarii
2130 3908 2674 3991 interpretentur,

487 4044 523 4094 e
576 4028 1013 4095 contrario
1070 4025 1229 4110 (scil.
1266 4046 1394 4092 non
1428 4026 1717 4108 honeste,
1763 4031 1939 4094 recte
1970 4044 2024 4090 e.
2063 4043 2121 4106 q.
2160 4044 2207 4090 s.
2251 4023 2389 4092 fieri
2413 4024 2677 4108 posse.)‘

342 4177 433 4278 ἢ.
