3116 4613
413 283 590 357 ‘44

494 483 801 566 aliquem,
874 486 1198 556 Ciceronis
1265 497 1508 556 temere
1556 498 1978 576 aucupantem
2027 493 2533 574 similitudinem,
2605 492 2682 559 de

491 604 806 671 industria
838 611 1177 675 verborum
1223 611 1287 676 in
1332 613 1775 694 propositione
1823 615 2110 679 ordinem
2167 621 2478 693 mutasse,
2540 633 2668 680 non

495 726 1001 794 considerantem
1074 734 1267 798 alium
1335 734 1413 797 ab
1486 733 1611 796 alio
1692 732 1857 797 infra
1938 735 2223 798 ordinem
2301 754 2439 799 esse
2501 733 2679 797 insti-

492 850 716 909 tutum.
792 850 926 914 Iam
975 852 1146 931 quod
1192 872 1307 933 pro
1361 854 1681 921 ‘criminis
1736 854 2133 921 translacio‘
2182 854 2403 918 Cicero
2461 853 2682 916 maluit

495 965 706 1029 (licere
757 968 1021 1038 ‘relatio
1078 974 1408 1042 criminis‘
1445 975 1678 1039 nullius
1728 975 1848 1038 erit
1892 973 2215 1038 momenti.
2284 973 2380 1036 Ne
2428 971 2688 1037 confun-

494 1084 753 1151 deretur
807 1091 1141 1156 translatio
1190 1113 1330 1158 cum
1378 1095 1834 1159 constitutione
1879 1094 2255 1158 translativa
2298 1093 2689 1174 Kayserus

490 1204 556 1268 id
580 1204 815 1273 factum
852 1229 991 1276 esse
1021 1214 1411 1294 suspicatur,·
1448 1214 1547 1279 cui
1583 1214 2021 1278 contradicere
2058 1233 2186 1277 non
2222 1220 2319 1279 est
2352 1212 2417 1276 in
2458 1212 2686 1276 animo,

663 1330 837 1406 Quae
870 1338 1210 1413 postquam
1245 1336 1673 1415 enodavimuS,
1724 1341 1788 1399 et
1827 1336 2030 1399 eiecta
2058 1334 2417 1398 adulterina
2460 1334 2689 1418 partis

491 1452 717 1515 vocula
751 1459 826 1541 *et
850 1455 1147 1520 restituto
1172 1458 1511 1522 verborum
1536 1455 1777 1534 ordine,
1827 1474 2015 1534 quem
2060 1455 2125 1518 in
2169 1473 2296 1517 una
2323 1453 2689 1518 Schuetzi

495 1571 776 1636 editione
808 1578 981 1638 recte
1030 1576 1435 1640 observatum
1483 1593 1623 1639 esse
1667 1575 1973 1654 videmUS,
2021 1576 2182 1639 hanc
2228 1593 2444 1639 veram
2492 1574 2689 1640 totius

491 1690 617 1756 loci
662 1692 1100 1759 nanciscemur
1144 1696 1515 1759 lectionem:

701 1818 1140 1888 ‘Iuridicialis
1184 1825 1570 1890 constitutio
1613 1829 1731 1906 est,
1791 1841 1989 1908 quom
2039 1820 2301 1904 factum
2354 1824 2681 1905 convenit,

492 1953 594 2015 sel
644 1951 793 2015 iure
847 1967 939 2015 aa
991 1952 1247 2017 iniuria
1298 1949 1562 2033 factum
1613 1953 1717 2033 sit,
1776 1951 2151 2035 quaeritur.
2213 1948 2380 2016 Eius
2419 1949 2687 2014 consti-

491 2079 769 2143 lutiom's
802 2082 1045 2162 parles
1081 2083 1239 2145 smel
1278 2080 1471 2165 duae,
1531 2098 1820 2164 quarum
1872 2097 2014 2146 ana
2068 2078 2407 2162 apsolata)
2465 2077 2690 2144 altera

491 2205 922 2290 adsumptiva
955 2208 1362 2273 nominatur.
1411 2206 1745 2292 Apsolula
1773 2213 1892 2291 est,
1953 2223 2301 2291 quonam.
2344 2205 2685 2290 Adsump-

493 2336 632 2401 tiva
685 2339 813 2417 est,
885 2353 1083 2418 quom
1128 2354 1258 2420 per
1311 2355 1383 2402 se
1438 2335 1739 2418 defensio
1795 2337 2065 2417 infirma
2119 2341 2250 2436 eat,
2322 2336 2683 2420 adsumpta

491 2465 810 2529 effa-traria
896 2482 973 2529 re
1054 2464 1540 2549 conprobatur.
1652 2465 2127 2549 Adsumptivae
2211 2470 2451 2550 partes
2530 2467 2685 2529 smel

492 2596 856 2675 quattuor:
909 2594 1285 2675 concessio,
1363 2584 1463 2681 *[
1456 2592 1822 2659 translatio
1880 2585 2258 2678 criminz'SJ,
2317 2582 2412 2679 *[
2404 2593 2683 2658 remotio

492 2713 857 2807 crimim'SJ,
916 2723 1345 2805 conparatio,
1438 2731 1448 2744 ·

663 2847 834 2923 Quos
869 2853 1208 2928 postquam
1255 2867 1330 2912 ex
1374 2850 1580 2929 primo
1619 2850 1781 2915 libro
1818 2849 1994 2912 locos
2029 2846 2440 2911 tractavimus
2476 2851 2683 2909 trans-

489 2967 912 3048 positionibus
957 2969 1226 3032 maxime
1272 2968 1606 3048 notabiles,
1653 2968 1778 3031 iam
1826 2973 2173 3047 sequentur
2217 2965 2500 3029 nonnulli
2538 2966 2679 3044 loci,

490 3086 555 3149 in
601 3105 760 3169 quos
803 3088 1204 3170 potissimum
1249 3088 1627 3153 incurrimus
1674 3087 1737 3149 in
1781 3086 1944 3151 libro
1994 3087 2291 3151 secundo.

1363 3447 1629 3528 Liber
1684 3449 1796 3528 ΙΙ.

660 3714 880 3779 Totius
928 3713 1283 3778 sententiae
1327 3712 1557 3776 iterum
1614 3712 2054 3794 indagabimus
2115 3712 2677 3793 transpositionem

489 3836 569 3914 11,
619 3834 718 3913 13,
774 3835 852 3898 19
896 3840 1043 3915 post
1089 3833 1285 3897 mea:
2750 3803 2757 3809 ’

696 3931 1096 4028 ‘Iudz‘oatum
1148 3965 1248 4027 est
1300 3961 1397 4040 id,
1471 3961 1552 4026 de
1620 3979 1749 4045 quo
1820 3961 2151 4026 sententia
2206 3959 2351 4026 lala
2406 3964 2505 4025 esc
2557 3962 2679 4024 auc

489 4090 824 4157 decretum
863 4090 1352 4173 interpositum.
1394 4088 1501 4155 Ea
1555 4107 1761 4175 saepe
1816 4089 2095 4155 divorsa
2147 4092 2320 4170 sunl,
2378 4093 2451 4154 ul
2488 4086 2680 4154 aliud
