3116 4613
2609 278 2654 348 7

465 483 707 552 duabus
768 484 1050 551 tribusve
1113 496 1565 562 nonnunquam
1626 476 1961 546 sententiis
2026 480 2420 563 continetur,
2486 483 2655 582 uncle

461 607 866 689 perspicuum
896 612 1008 685 est,
1059 622 1241 687 quae,
1292 599 1735 667 deerrantibus
1772 603 1849 667 ab
1878 620 2005 666 una
2034 602 2099 667 in
2134 603 2401 668 alteram
2433 623 2655 669 vocem

460 729 705 794 librarii
735 726 952 807 oculiS,
984 725 1197 789 media
1222 723 1696 803 emittebantur,
1745 725 1826 788 ad
1844 724 2059 804 plures
2088 725 2408 789 interdum
2434 745 2655 792 versus

461 848 843 929 pertinuisse
906 851 996 925 et,
1074 864 1215 909 cum
1285 862 1502 927 errore
1556 841 1880 923 patefacto
1946 844 2012 908 in
2081 846 2368 927 margine
2429 854 2658 927 postea

366 971 372 978 ’
463 974 674 1033 essent
706 967 1047 1047 adscripta,
1094 984 1223 1029 non
1255 966 1545 1046 exiguam
1579 965 1714 1030 eius
1749 965 1949 1046 ipsius
1983 971 2232 1046 partem
2270 968 2655 1050 implevisse,

462 1087 554 1150 ita
597 1093 667 1150 ut
715 1085 970 1151 difficile
1010 1086 1138 1151 iam
1179 1091 1348 1150 esset
1388 1085 1767 1165 disceptatu,
1813 1086 1949 1149 viro
1984 1088 2364 1166 praesertim
2401 1089 2656 1170 linguae

461 1209 698 1273 latinae
745 1209 797 1273 si
843 1228 971 1273 non
1014 1208 1214 1274 inscio
1243 1207 1329 1271 'at
1373 1175 1786 1272 mediocriter
1844 1212 2090 1270 tantum
2144 1208 2388 1288 perito,
2452 1210 2659 1287 cuius-

462 1346 609 1392 nam
655 1329 926 1393 maxime
972 1348 1192 1394 versus
1241 1331 1453 1393 essent
1510 1327 1707 1391 verba
1760 1328 2031 1408 margini
2076 1329 2415 1409 adscripta.
2507 1331 2661 1393 Fert

465 1454 677 1514 autem
699 1449 976 1515 humana
997 1455 1244 1530 natura,
1292 1454 1379 1530 ut,
1431 1448 1934 1530 quotiescunque
1963 1455 2137 1513 certa
2170 1449 2333 1513 ratio
2359 1449 2563 1514 deerit
2599 1455 2662 1514 et

466 1571 548 1635 ad
585 1570 917 1636 arbitrium
964 1569 1177 1633 omnia
1210 1573 1395 1633 erunt
1434 1569 1783 1650 dirigenda,
1833 1587 1907 1633 eo
1948 1568 2050 1633 vel
2092 1571 2363 1634 maxime
2400 1571 2662 1636 inclinet

466 1692 730 1772 animus,
779 1710 901 1772 quo
948 1690 1207 1754 minime
1254 1689 1484 1753 debeat
1527 1688 1852 1752 inclinare.
1900 1688 2124 1769 Neque
2154 1691 2318 1769 erit,
2342 1690 2450 1771 qui
2498 1690 2660 1753 adeo

464 1811 750 1891 miretur,
799 1812 852 1876 si
895 1811 998 1875 hic
1047 1817 1111 1874 et
1147 1811 1276 1875 illic
1314 1808 1809 1889 deprehenderit
1843 1807 2141 1874 librarios
2177 1830 2480 1891 perverso
2517 1812 2661 1876 loco

466 1933 796 2013 scriptoris
841 1932 1036 1996 verba
1070 1951 1146 1996 ex
1174 1931 1464 2020 margine
1492 1930 1558 1992 in
1590 1935 1832 1994 textum
1863 1930 2241 1996 restituisse.

633 2051 759 2116 Sed
802 2051 1008 2115 rarius
1057 2048 1342 2115 offendas
1387 2050 1452 2113 in
1496 2048 1654 2128 ipsis
1699 2048 1824 2113 illis
1869 2049 2109 2129 verbis,
2180 2069 2343 2131 quae
2389 2048 2654 2131 proprie

462 2170 854 2250 transposita
896 2170 937 2234 i.
975 2189 1027 2234 e.
1077 2170 1284 2232 alieno
1331 2169 1472 2232 loco
1523 2186 1599 2233 ex
1643 2169 1929 2250 margine
1976 2170 2041 2234 in
2086 2176 2328 2235 textum
2360 2171 2664 2235 restituta

464 2311 603 2357 esse
648 2291 912 2371 videbiS,
962 2310 1151 2372 quam
1196 2290 1261 2354 in
1306 2290 1404 2369 iis,
1454 2308 1619 2370 quae
1665 2288 1775 2353 illa
1812 2290 2008 2355 verba
2045 2291 2436 2372 transposita
2468 2311 2662 2372 prave

463 2418 574 2475 aut
620 2412 1003 2476 antecedunt
1049 2414 1158 2474 aut
1204 2416 1574 2490 sequuntur,
1623 2410 1857 2490 quippe
1891 2430 2073 2492 quae,
2123 2413 2480 2479 disturbata
2514 2431 2662 2477 con-

461 2549 625 2594 nexa
668 2530 834 2595 serie
881 2547 1092 2593 rerum
1135 2547 1208 2593 ac
1250 2528 1609 2607 verborum,
1657 2527 1872 2594 inania
1899 2531 2273 2612 plerumque
2305 2531 2659 2596 trahantur.

464 2650 646 2727 Quod
683 2669 824 2714 cum
858 2650 950 2713 ita
985 2650 1085 2728 sit,
1132 2649 1258 2711 iam
1296 2647 1627 2727 iudicabis,
1678 2667 1801 2729 quo
1835 2649 1978 2714 loco
2014 2652 2138 2715 sint
2178 2671 2397 2716 eorum
2431 2651 2659 2731 studia,

465 2771 572 2851 qui
618 2770 930 2834 eiusmodi
974 2771 1198 2848 verba,
1265 2771 1427 2833 bene
1475 2787 1630 2833 sana
1677 2775 1740 2832 et
1787 2789 1939 2835 vere
1986 2771 2410 2836 Cornificiana
2466 2773 2658 2836 modo

465 2910 540 2954 ex
583 2909 709 2954 uno
757 2892 823 2954 in
857 2891 1128 2955 alterum
1158 2891 1368 2954 locum
1396 2891 1805 2970 transposita,
1856 2896 1965 2953 aut
1998 2891 2387 2977 coniecturis
2410 2898 2659 2955 tentare

466 3017 575 3074 aut
618 3031 733 3091 pro
782 3012 1185 3093 interpolatis
1233 3014 1571 3076 exturbare
1616 3012 1847 3092 velint,
1910 3029 2292 3094 quamquam
2337 3032 2418 3077 ne
2464 3013 2660 3079 inter-

463 3133 756 3212 polatore
803 3134 1058 3214 quidem
1095 3134 1389 3214 ipsonisi
1425 3136 1649 3200 insano
1690 3134 1906 3215 aliqua
1946 3153 2022 3198 ex
2066 3138 2250 3215 parte
2295 3135 2485 3216 digna
2519 3155 2657 3201 esse

461 3251 789 3332 videntur3
858 3252 981 3317 nisi
1041 3252 1209 3317 forte
1270 3253 1410 3334 quis
1468 3259 1687 3332 putat,
1755 3253 2291 3333 interpolationes
2357 3260 2420 3318 et
2483 3255 2656 3335 ipsas

464 3373 935 3453 quodammodo
997 3372 1421 3452 transpositas
1482 3369 1544 3434 h.
1610 3388 1662 3434 e.
1731 3370 1840 3434 alii
1900 3371 2043 3435 loco
2113 3371 2467 3452 adscriptas
2531 3373 2655 3437 alio

460 3491 604 3554 loco
652 3491 718 3553 in
764 3496 1006 3554 textum
1054 3509 1391 3571 perperam
1436 3492 1650 3555 illatas
1699 3510 1857 3557 esse.

631 3612 766 3674 Iam
815 3629 977 3692 quae
1024 3631 1100 3675 ex
1124 3610 1449 3677 Ciceronis
1497 3613 1576 3676 de
1620 3612 1742 3676 inv.
1780 3611 1959 3675 libris
2003 3609 2333 3696 profectae
2362 3612 2659 3699 videntur

444 3747 604 3793 -esse
646 3730 985 3794 verborum
1043 3730 1605 3811 transpositiones,
1677 3733 1757 3797 de
1814 3731 1893 3795 iis
1953 3749 2082 3794 non
2141 3731 2385 3811 poteris
2443 3731 2656 3797 facere

459 3850 779 3930 iudicium,
826 3849 967 3930 nisi,
1016 3869 1179 3931 quae
1223 3850 1388 3914 ratio
1436 3852 1605 3916 inter
1633 3851 1958 3917 Ciceronis
2005 3856 2068 3916 et
2115 3850 2412 3916 Cornifici
2457 3852 2654 3917 libros

460 3970 838 4048 intercedat,
889 3975 1285 4050 compertum
1330 3968 1615 4034 habebis.

632 4090 813 4170 Quod
848 4092 899 4156 si
945 4110 1164 4157 verum
1213 4097 1328 4172 est,
1378 4093 1549 4173 quod
1594 4092 1685 4156 ait
1729 4091 1778 4171 I,
1826 4091 1884 4172 9,
1934 4091 2014 4157 16
2064 4096 2219 4157 extr.
2260 4089 2658 4169 Cornificius,
