3116 4613
453 132 549 203 50*

445 292 1351 400 locuni“1·{2s³t{i1it‘fo'n1⁴s‘hauri
1378 322 1548 394 scio·
1570 308 1650 391 an
1694 324 1852 390 haec
1885 324 2079 393 fuerit
2110 349 2317 412 causa,
2367 333 2538 412 quod
2584 338 2646 398 et

446 457 511 521 in
546 452 988 536 propositione
1011 449 1398 516 infirmitatis
1427 448 1607 531 prius
1647 465 1837 528 quam
1866 450 2167 515 vanitatis
2191 438 2430 517 mentio
2477 453 2647 519 facta

449 583 607 655 erat,
654 575 747 638 ita
790 578 861 636 ut
907 592 1035 636 non
1079 577 1366 636 moratus
1412 569 1742 647 librarius,
1802 568 1988 648 plura
2032 568 2320 639 infirmae
2379 576 2647 640 rationis

450 695 740 775 exempla
794 711 995 758 vanae
1059 690 1329 755 rationis
1405 689 1871 770 expositionem
1935 692 2270 774 subsequi,
2339 695 2512 775 quod
2581 695 2646 758 in

445 816 734 896 margine
757 815 1118 895 exemplum
1142 813 1424 893 legisset,
1470 809 1538 873 id
1570 807 1753 889 quasi
1780 829 1975 874 unum
2004 818 2192 893 esset,
2238 813 2457 895 priore
2501 814 2643 878 loco

450 938 516 1002 in
568 943 813 1000 textum
860 934 1297 1015 recipiendum
1347 948 1486 996 esse
1537 929 1979 995 arbitraretur.
2067 933 2204 1010 Qua
2265 935 2331 998 in
2385 954 2455 999 re
2510 933 2650 999 fieri

449 1076 581 1123 non
626 1057 855 1138 potuit,
925 1057 1076 1137 quin
1134 1054 1452 1135 particula
1509 1053 1724 1138 ‘item‘,
1774 1070 1899 1132 qua
1946 1053 2217 1118 alterum
2262 1053 2649 1119 infirmitatis

453 1177 809 1259 exemplum
881 1160 1294 1257 adiungitur,
1355 1176 1576 1257 plane,
1619 1174 2261 1256 praetermitteretur,
2336 1173 2649 1240 restitutis

452 1298 681 1362 deinde
750 1316 827 1361 ex
890 1295 1174 1375 margine
1246 1294 1372 1359 illis
1427 1295 1674 1376 verbis,
1753 1302 1817 1360 et
1874 1297 2015 1376 ipsa
2081 1294 2381 1361 facillima
2443 1315 2653 1361 emen-

454 1418 713 1482 datione
740 1416 1156 1481 coniecturali
1203 1434 1315 1480 suo
1344 1415 1485 1478 loco
1534 1415 1914 1482 redderetur
1951 1419 2042 1482 ita
2092 1424 2324 1498 tamen,
2370 1424 2441 1481 ut
2486 1437 2650 1482 nunc

454 1536 681 1604 suffixa
728 1556 918 1617 quam
979 1537 1156 1601 aiunt
1215 1534 1442 1599 vocula
1523 1553 1650 1619 que
1712 1544 1899 1602 aucta
1944 1538 2009 1601 in
2057 1536 2428 1605 melioribus
2472 1538 2651 1603 libris

456 1657 779 1722 offeratur.
828 1658 923 1721 Ne
952 1663 1165 1721 autem
1189 1655 1297 1719 diu
1324 1655 1550 1721 dubius
1584 1657 1688 1737 sis,
1738 1657 1894 1738 quid
1939 1658 2141 1737 magis
2164 1657 2311 1722 huic
2335 1658 2477 1722 loco
2506 1676 2653 1722 con-

458 1780 690 1859 veniat,
756 1799 897 1843 cum
967 1786 1029 1844 et
1113 1779 1396 1862 itemque
1491 1782 1554 1840 et
1656 1779 1813 1844 item
1910 1778 1976 1841 in
2038 1777 2217 1842 libris
2286 1779 2650 1843 coniectura

458 1902 821 1981 quaesitum
845 1893 984 1964 esse
1003 1898 1316 1977 videatur,
1343 1897 1659 1962 restitutis
1681 1898 1808 1961 iam
1834 1898 1899 1963 in
1926 1918 2107 1963 suum
2128 1899 2416 1964 ordinem
2446 1918 2652 1965 exem-

452 2020 594 2103 plis,
621 2021 1049 2087 recentiorum
1085 2021 1394 2085 librorum
1418 2020 1597 2103 ilem,
1621 2037 1744 2105 quo
1781 2019 1994 2083 omnia
2036 2020 2333 2100 deinceps
2369 2019 2653 2084 eiusdem

453 2143 704 2224 generis
764 2142 1053 2222 exempla
1096 2138 1602 2219 introducantur,
1653 2140 1950 2220 quodque
1997 2140 2166 2205 idem
2205 2141 2655 2222 Langenius

456 2283 531 2328 ex
579 2264 798 2329 codice
844 2258 1338 2326 Monasteriensi
1401 2259 1440 2322 l.
1511 2259 1550 2324 l.
1625 2259 1988 2340 nuperrime
2037 2261 2462 2343 exscripserit,
2508 2282 2654 2344 pro-

457 2384 601 2464 pius
666 2384 890 2447 abesse
940 2400 978 2445 a
1021 2380 1294 2445 veritate
1344 2399 1565 2447 omnes
1613 2381 1801 2445 nobis
1848 2383 2295 2448 assentientur.

630 2502 755 2567 Sed
800 2503 927 2565 iam
973 2506 1235 2564 monent
1279 2500 1666 2594 praescripti
1710 2501 1857 2564 huic
1906 2502 2210 2582 opusculo
2257 2501 2510 2580 limiteS,
2574 2520 2655 2565 ne

453 2621 710 2703 longius*
751 2640 886 2684 rem
927 2639 1407 2701 persequamur,
1457 2638 1646 2699 quam
1694 2621 1773 2685 ob
1820 2639 1975 2700 rem,
2026 2639 2188 2700 quae
2236 2622 2361 2687 alia
2408 2641 2548 2687 cum
2591 2620 2658 2684 in

454 2743 575 2806 hoc
619 2740 782 2806 libro
829 2747 965 2804 tum
1011 2740 1075 2803 in
1121 2718 1313 2804 tertio
1364 2747 1429 2805 et
1478 2747 1706 2821 quarto
1769 2740 1955 2805 huius
2012 2741 2167 2807 artis
2211 2740 2391 2808 libris
2439 2748 2657 2807 enota-

453 2862 677 2941 vimus,
727 2860 835 2924 alii
883 2867 946 2924 et
990 2860 1267 2942 tempori
1315 2866 1380 2925 et
1425 2860 1569 2925 loco
1619 2879 2039 2928 reservemus,

455 3133 632 3171 vana
671 3115 992 3186 ratione,
1036 3134 1097 3172 ea
1142 3120 1195 3170 in
1218 3117 1516 3188 archetypo
1554 3116 1732 3187 primo
1774 3117 1980 3172 omissa
2023 3124 2212 3190 postea
2253 3117 2319 3171 ad
2357 3116 2657 3187 marginem

458 3201 732 3271 adscripta
796 3217 924 3256 esse
980 3202 1178 3257 videri.
1253 3202 1362 3256 Sed
1417 3218 1524 3256 non
1583 3219 1753 3256 vanae
1805 3203 1937 3257 sed
1977 3204 2311 3257 infirmae
2354 3202 2659 3257 rationis

457 3286 686 3357 aliquod
723 3288 1030 3362 exemplum
1069 3287 1348 3342 excidisse
1386 3293 1440 3341 et
1476 3288 2060 3343 homoeoteleuti
2083 3304 2109 3342 s
2150 3289 2341 3343 factam
2377 3304 2502 3343 esse
2526 3305 2658 3344 ver-

461 3372 651 3428 borum
689 3374 1172 3441 transpositionem
1208 3373 1513 3445 Langenius
1553 3389 1660 3428 non
1703 3374 1985 3429 recusabit
2023 3374 2202 3430 nobis.
2227 3374 2547 3430 concedere.

1361 3653 1771 3665 w———w—-u
