3116 4613
575 302 667 374 ¹18

568 502 810 566 duabus
873 500 1202 565 sententiis
1250 500 1338 564 sic
1390 501 1473 567 (εἰ
1526 501 1909 585 ale‘quorum
1961 500 2279 567 iudicium
2344 504 2422 569 si
2436 520 2497 567 m
2512 503 2577 569 il
2587 506 2615 570 i
2664 504 2757 571 de

566 642 642 689 re
696 628 815 688 aut
858 623 1339 688 maclorilacem
1385 617 1713 705 proferre
1757 622 2129 686 imitatione
2170 621 2463 705 (lionam,
2521 624 2756 689 deinde

566 742 904 807 eandem
969 745 1116 807 aut
1169 740 1684 807 consimilem
1751 745 1897 806 aul
1961 743 2356 808 nlaiorem
2411 749 2557 809 aut
2609 747 2753 810 mi-

566 877 847 926 norem
914 861 1034 945 aqi
1096 876 1237 924 rem
1304 861 1373 925 in
1437 862 1838 943 praesentia
1907 860 2415 929 demonstrares.
2509 863 2646 939 Qua
2691 864 2754 926 in

564 999 633 1043 re
679 979 1083 1060 perspicuum
1132 986 1227 1043 est
1273 979 1539 1042 alteram
1587 978 1913 1043 Ciceronis
1962 981 2341 1045 sententiam
2393 981 2752 1050 meirade...

561 1098 1054 1167 demonslrarc‘
1113 1098 1436 1179 egregium
1490 1098 1555 1161 in
1600 1098 1859 1162 modum
1903 1101 2293 1180 respondere
2339 1103 2549 1167 verbis
2597 1102 2750 1165 Cor-

559 1219 869 1285 nificianis
928 1218 1068 1285 ‘aul
1120 1218 1201 1284 dc
1254 1218 1485 1284 eadem
1539 1224 1660 1285 auc
1715 1219 1794 1285 cle
1847 1222 2104 1286 minore
2158 1226 2280 1287 aut
2323 1221 2404 1286 de
2446 1220 2746 1304 maiorc‘,

564 1360 726 1423 quae
756 1333 1342 1429 Ρεῑπαρένθεσιιι
1391 1356 1579 1417 quam
1625 1338 1842 1402 dicunt
1879 1340 2090 1404 verbis
2141 1338 2240 1406 ‘de
2264 1340 2468 1406 simili
2490 1339 2749 1421 causas,

562 1461 780 1524 addita
826 1477 965 1523 esse
1014 1477 1155 1522 cum
1205 1476 1281 1521 ex
1327 1457 1467 1521 aliis
1513 1459 1703 1522 rebus
1763 1463 1894 1521 tum
1942 1479 2018 1522 ex
2062 1460 2183 1523 hoc
2228 1459 2366 1539 ipso
2415 1460 2751 1524 verborum

562 1581 783 1645 ordine
830 1585 1116 1660 apparet.
1176 1578 1412 1643 Similis
1459 1585 1674 1641 autem
1722 1582 1819 1641 est
1866 1595 2056 1641 causa
2102 1585 2364 1644 auctore
2412 1578 2748 1644 Cornificio

560 1707 669 1765 aut
718 1702 939 1766 eadem
985 1707 1095 1764 aut
1139 1700 1347 1763 minor
1391 1706 1501 1762 aut
1545 1700 1768 1763 maior.
1790 1697 1850 1781 ²⁸)

727 1820 900 1896 Quae
948 1819 1161 1883 omnia
1207 1819 1260 1882 si
1306 1818 1514 1881 animo
1563 1819 2014 1899 perpenderiS‚
2062 1806 2554 1885 non'dubitabis
2603 1837 2751 1882 con-

558 1939 784 2002 cedere
830 1937 1068 2001 nullam
1112 1953 1374 2016 prorsus
1419 1935 1485 1998 in
1532 1956 1608 2002 ea
1653 1957 1723 2002 re
1769 1939 2029 2002 subesse
2076 1938 2589 2019 interpolationis
2644 1956 2746 2001 su-

560 2057 924 2138 spicionem.

731 2176 857 2240 Sed
878 2195 1007 2240 non
1028 2176 1186 2239 haec
1214 2181 1310 2238 est
1327 2175 1378 2239 O
1397 2180 1543 2239 stin
1557 2174 1738 2238 anni
1764 2174 1999 2256 opinio,
2043 2176 2151 2256 qui
2173 2176 2536 2256 nuperrime
2560 2176 2749 2256 Kay-

557 2298 732 2362 seri
778 2303 994 2379 partes
1039 2303 1294 2363 secutus
1334 2298 1539 2364 denuo
1575 2297 1733 2362 haec
1764 2296 1959 2361 verba
1993 2295 2402 2377 impugnavit.
2420 2295 2519 2380 **)
2564 2297 2749 2361 Arbi-

555 2424 762 2482 tratus
799 2418 966 2483 enim
1008 2424 1104 2483 est
1140 2419 1248 2482 ille
1283 2424 1392 2481 aut
1428 2417 1555 2482 Cic,
1605 2418 1728 2481 inv.
1767 2418 1815 2497 Ι,
1869 2416 1966 2495 17,
2013 2416 2097 2480 24
2145 2423 2322 2496 extr.‚
2372 2423 2480 2478 aut
2525 2423 2744 2481 nostro

553 2537 694 2601 loco
741 2536 899 2600 haec
943 2538 1139 2601 verba
1199 2537 1681 2601 accommodata
1741 2555 1898 2601 esse.
1992 2534 2383 2615 ‘Addidisse,
2457 2536 2564 2616 qui
2619 2554 2746 2599 non

555 2655 1041 2738 considerasset,
1082 2656 1237 2720 nihil
1259 2655 1518 2737 referre,
1564 2657 1735 2736 quod
1760 2656 2099 2721 discrimen
2124 2655 2555 2735 amplitudinis
2579 2656 2748 2720 inter

690 2897 745 2963 ⁸)
785 2892 929 2947 Idem
968 2892 1231 2963 scriptum
1268 2898 1352 2947 est
1389 2893 1530 2963 apud
1566 2891 1744 2957 Quint.
1767 2891 1892 2946 inst.
1932 2908 2012 2948 or.
2047 2893 2167 2962 VII,
2206 2898 2257 2961 8,
2294 2896 2324 2946 7
2363 2894 2500 2948 med.
2541 2893 2743 2948 ‘Simile

550 2986 727 3033 autem
762 2985 811 3033 et
844 2979 1023 3033 maius
1057 2984 1135 3032 est
1168 2984 1218 3032 et
1244 2995 1357 3047 par
1391 2984 1441 3032 et
1474 2978 1692 3032 minu-ef
1741 2978 2116 3031 conferendus
2155 2986 2240 3034 est
2275 2979 2437 3031 etiam
2472 2977 2649 3043 Quint.
2678 2980 2744 3045 V,

552 3069 631 3132 10,
672 3067 737 3118 87
777 3066 848 3121 in.
910 3064 1200 3132 ‘Adposita
1234 3065 1314 3117 vel
1348 3063 1719 3131 comparativa
1756 3063 2044 3131 dicuntur,
2095 3080 2231 3132 quae
2263 3063 2480 3118 minora
2512 3080 2579 3119 em
2611 3064 2743 3118 mai-

550 3150 751 3215 oribuS,
789 3150 1002 3203 maiora
1036 3165 1103 3201 εει)
1135 3149 1436 3202 minoribus
1454 3190 1468 3214 ,
1510 3148 1682 3216 paria
1717 3164 1785 3200 eoe
1811 3148 2044 3215 paribus
2069 3149 2346 3217 probant‘.
2423 3153 2591 3205 Porro
2629 3150 2739 3204 Cic.

548 3239 614 3288 de
664 3235 774 3290 inv,
827 3233 878 3303 Ι,
937 3238 1036 3302 28,
1088 3237 1149 3287 41
1208 3232 1344 3288 med.
1401 3233 1756 3287 ‘Adiunctum
1802 3234 2015 3303 neqotio
2064 3239 2241 3288 autem
2293 3234 2354 3288 id
2397 3234 2739 3301 intelleyitur,

547 3320 691 3389 quod
736 3320 914 3373 maius
968 3324 1017 3373 et
1066 3319 1209 3388 quod
1251 3318 1432 3372 minus
1486 3323 1535 3371 et
1586 3319 1730 3387 quod
1777 3335 1939 3386 aeque
1983 3336 2239 3389 maynum
2286 3324 2335 3372 et
2382 3318 2525 3386 quod
2567 3317 2739 3371 simile

544 3406 646 3458 erit
681 3405 731 3457 ei
764 3404 1006 3473 neyotio,
1057 3420 1161 3471 quo
1199 3404 1263 3457 dc
1302 3404 1519 3473 aqitur‘.
1592 3404 1736 3469 Quae
1784 3401 2001 3472 quidem
2041 3406 2209 3460 verba
2250 3408 2450 3456 tantum
2488 3401 2645 3456 abest
2682 3408 2737 3455 ut

545 3491 905 3546 Cornificiana
943 3488 1244 3545 adul-terina
1284 3505 1410 3543 esse
1448 3491 1850 3557 demonstrent,
1892 3497 1949 3545 ut
1985 3489 2055 3543 iis
2094 3489 2234 3561 ipsis
2273 3503 2380 3541 non
2422 3487 2732 3541 dubitemus

547 3576 620 3631 uti
659 3575 727 3631 ad
764 3573 1221 3645 comprobandam
1278 3582 1519 3630 nostram
1574 3578 1921 3631 sententiam.
1993 3573 2310 3630 Laudandus
2359 3580 2445 3629 est
2497 3573 2728 3643 denique

542 3663 698 3717 locus
737 3659 979 3714 eiusdem
1031 3659 1158 3713 libri
1213 3659 1696 3732 impeditissimuS‚
1751 3677 1907 3732 quem
1956 3665 2011 3713 et
2058 3660 2232 3730 ipsum
2272 3660 2325 3714 in
2364 3659 2734 3730 suspicionem

544 3744 769 3801 vocavit
804 3745 1097 3813 Kayser-us,
1151 3744 1402 3813 Legimus
1441 3746 1587 3801 enim
1624 3748 1694 3814 ΙΙ,
1733 3750 1814 3815 12,
1856 3749 1918 3800 18
1956 3743 2094 3799 med.
2146 3745 2235 3796 ‘In
2269 3760 2437 3798 causa
2470 3744 2735 3798 rationali

536 3830 778 3897 primum
811 3835 1112 3898 quaeretur,
1149 3829 1338 3898 ecquid
1374 3831 1438 3883 de
1471 3832 1629 3885 rebus
1661 3832 1958 3886 maioribus
1992 3836 2089 3884 aut
2122 3830 2423 3884 minoribus
2460 3837 2558 3884 aut
2591 3831 2735 3884 simi-

544 3915 684 3984 libus
718 3915 967 3969 similiter
999 3915 1262 3982 scriptum
1297 3921 1393 3969 aut
1428 3916 1730 3970 iudicatum
1762 3918 1867 3970 sit‘.

679 4001 757 4067 **)
799 4000 873 4052 De
895 3998 1295 4068 additamenti3‚
1333 4017 1469 4070 quae
1495 4002 1549 4056 in
1576 4001 1868 4056 rhetoricis
1898 4004 1968 4056 ad
1997 4000 2323 4057 Herennium
2367 4001 2733 4068 inveniuntur,

542 4082 957 4151 antiquioribus.
1031 4084 1360 4141 Dissertatio
1399 4085 1578 4158 inaug.
1620 4086 1814 4158 philol.
1870 4087 2256 4146 Vratislaviae.
