3116 4613
2540 275 2635 362 35

614 485 711 557 De
760 486 1212 558 constitutione
1261 486 1675 557 coniecturali
1718 491 1901 560 brevi
1942 475 2096 576 'post
2138 473 2409 574 legimus
2439 490 2489 573 Ι,
2539 490 2639 573 11,

455 611 535 678 18
580 613 744 676 med.
791 612 982 676 haec:

659 731 1182 800 ‘Coniecturalis
1249 737 1384 816 est,
1481 750 1710 817 quom
1792 734 1888 800 de
1962 731 2105 814 fac
2127 737 2205 799 to
2291 749 2445 798 con
2465 738 2643 799 tro-

450 879 488 927 υ
506 879 545 926 0
569 878 657 927 rs
673 862 700 927 i
712 880 757 927 a
838 879 873 926 e
890 865 1000 942 st,
1081 860 1209 927 hoc
1284 861 1480 927 modo
1497 881 1523 926 .·
1628 861 1808 928 Aiace
1870 863 1941 927 in
2008 860 2215 945 silva,
2283 867 2645 948 postquam

452 991 718 1073 resciit,
798 1007 972 1073 quae
1036 987 1312 1070 fecisset
1373 1007 1502 1074 per
1565 991 1906 1056 insaniam
1921 1041 1940 1079 ,
2022 990 2254 1076 yladio
2322 991 2643 1059 incubuit.

464 1114 697 1184 Ulixes
774 1118 1164 1201 intervenit,
1267 1119 1562 1183 occisum
1660 1121 2136 1203 conspicatur,
2232 1136 2270 1184 e
2359 1136 2652 1205 corpore

459 1244 658 1312 telum
745 1218 1093 1314 cruentum
1176 1245 1418 1312 educit.
1544 1243 1796 1313 Teucer
1889 1248 2244 1312 intervenit
2260 1296 2277 1331 ,
2358 1246 2653 1329 fratrem

459 1376 786 1457 occisum,
857 1376 1197 1440 inimicum
1258 1371 1510 1455 fratris
1584 1391 1734 1440 cum
1800 1373 2032 1459 qlcdio
2101 1379 2381 1440 cruento
2449 1377 2648 1463 videt,

463 1504 712 1588 capitis
766 1504 1082 1570 accersit.
1191 1501 1348 1569 Hic
1404 1504 1910 1569 coniectura
1965 1519 2251 1571 verum
2306 1507 2652 1587 quaeri-

463 1637 652 1712 tur,·
733 1631 826 1697 de
876 1629 1030 1713 fac
1054 1636 1134 1696 tc
1190 1633 1359 1698 eric
1413 1633 2067 1715 controvorsia‚
2149 1649 2253 1696 ex
2307 1650 2399 1698 eo
2454 1650 2653 1700 con-

463 1761 815 1826 stitutio
889 1776 1094 1824 caus
1115 1776 1211 1824 ae
1273 1759 1921 1826 coniecturalis
1982 1759 2523 1828 nominatur‘.

643 1902 1050 1983 Improbatur
1093 1904 1440 1984 Kaysero
1501 1903 2005 1986 redintegratum
2064 1894 2139 1969 ex
2198 1906 2660 1985 superioribus:

469 2020 574 2089 ‘cle
625 2022 816 2105 facco
874 2028 1006 2091 crit
1059 2021 1589 2108 controversia‘,
1682 2024 1907 2106 quibus
1973 2023 2185 2090 verbis
2256 2024 2656 2091 incommode

467 2142 865 2222 interpellari
912 2144 1259 2208 arbitratur
1297 2143 1775 2207 enunciationes
1809 2144 2174 2208 coniunctas
2224 2144 2353 2215 ‘laic
2393 2151 2658 2215 coniec-

469 2278 629 2339 tura
684 2290 911 2340 verum
966 2275 1366 2359 quaeritur:
1437 2290 1524 2339 ez·
1596 2289 1675 2339 eo
1744 2276 2133 2340 constitutio
2188 2292 2445 2343 causae
2498 2294 2668 2343 6οη--

468 2401 820 2469 iecturalis
875 2400 1307 2469 nominatur&
1397 2398 1582 2476 Quod
1625 2418 1754 2462 non
1799 2402 2043 2481 poteris
2088 2421 2217 2466 non
2258 2400 2471 2468 faeere
2518 2423 2659 2468 cum

470 2522 836 2603 Kaysero.
884 2521 1108 2603 Neque
1142 2527 1355 2585 tamen
1387 2521 1528 2601 ipsa
1563 2539 1681 2601 per
1716 2538 1783 2584 se
1808 2520 2229 2602 vituperanda
2255 2522 2377 2586 erit
2405 2522 2659 2587 illorum

469 2641 807 2704 verborum
852 2640 1346 2721 redintegrati0‚
1419 2660 1561 2704 cum
1609 2646 1672 2705 et
1712 2631 1912 2704 'verba
1957 2640 2098 2721 ipsa
2143 2641 2372 2706 leviter
2414 2647 2662 2705 mutata

475 2764 539 2821 et
584 2759 709 2822 alia
753 2766 943 2839 atque
991 2768 1179 2825 antea
1226 2780 1446 2826 eorum
1494 2760 1803 2825 offeratur
1851 2759 2218 2842 collocati0‚
2266 2761 2660 2841 vituperabis

475 2881 585 2939 tuo
636 2876 808 2958 iure,
873 2879 1045 2959 quod
1102 2881 1381 2960 repetita
1444 2887 1590 2946 sunt
1651 2882 1792 2945 loco
1859 2879 2267 2945 alienissimo,
2372 2881 2661 2961 Namque

477 3015 639 3078 quae
685 2999 881 3062 verba
923 2997 1027 3061 hic
1072 2999 1239 3063 male
1288 3000 1647 3066 disturbant
1699 3018 1803 3064 res
1850 2999 2166 3065 artissime
2233 2999 2400 3064 inter
2446 3018 2513 3064 se
2560 3019 2665 3065 co-

472 3116 832 3196 haerenteS,
879 3116 1105 3181 iisdem
1148 3118 1361 3199 paullo
1410 3139 1603 3201 supra
1646 3120 1749 3183 vix
1793 3138 2130 3200 possumus
2178 3139 2414 3186 carere.
2463 3121 2664 3198 Quam

477 3237 556 3302 ob
585 3255 721 3300 rem
753 3255 879 3300 non
917 3236 998 3299 ad
1027 3236 1538 3318 interpolationis
1586 3257 1726 3302 cum
1772 3239 1884 3304 Ka
1898 3258 2126 3321 ysero
2176 3239 2664 3322 confugiendum

479 3356 601 3419 erit
647 3356 1109 3437 suspicionem,
1175 3357 1296 3420 erit
1357 3358 1438 3421 ad
1482 3358 2018 3439 transpositionis.
2110 3359 2433 3442 Legamus·
2472 3360 2667 3442 igitur

478 3476 543 3539 in
589 3495 770 3540 suum
819 3477 1097 3558 quidque
1143 3477 1352 3541 locum
1397 3477 1839 3542 restituentes:

690 3647 1215 3716 ‘Coniecturalis
1283 3655 1418 3733 est,
1507 3667 1703 3734 quom
1783 3649 1863 3716 de
1922 3648 2114 3745 facto
2185 3653 2665 3718 controversia

481 3786 602 3864 est,
659 3780 784 3847 hoc
837 3780 1074 3846 modo:
1127 3778 1308 3845 Aiax
1364 3832 1378 3846 .
1437 3832 1450 3846 .
1512 3831 1526 3846 .
1582 3777 1708 3845 Hic
1774 3773 1905 3866 [de
1950 3776 2143 3860 facto
2201 3780 2331 3844 erit
2384 3784 2680 3856 contro-1

480 3903 786 3994 vorsiaJ,
845 3910 1237 3974 coniectura
1278 3923 1505 3973 verum
1545 3902 1980 3993 emeritum*
2034 3926 2121 3973 ex·
2157 3925 2234 3973 eo
2278 3909 2667 3973 constitutio

484 4055 743 4106 causae
799 4037 1280 4105 coniecturalis
1335 4034 1772 4102 nominalur‘.

2199 4185 2257 4239 3*
