3116 4613
506 229 605 301 22

505 434 591 503 ab
666 435 1100 508 advorsariis
1182 439 1245 500 et
1323 451 1469 500 esse
1539 433 1823 517 iadiqaa
1900 436 2020 497 aut
2085 429 2360 513 nefaria
2375 452 2401 496 .·
2469 430 2706 496 deinde

506 579 703 647 quom
755 555 870 628 diu
930 580 1071 628 rem
1123 563 1535 642 aetoeerimus,
1594 551 1742 625 *ad
1793 564 2098 625 nostram
2152 577 2435 624 eausam
2481 559 2698 644 pede-

508 692 797 775 temptim
868 690 1262 757 accedemus
1345 696 1411 756 et
1501 688 1993 754 similitudinem
2078 684 2494 752 CONFEBE
2502 683 2565 749 M
2576 682 2706 770 US,

504 816 560 909 [
553 816 722 885 nihil
755 819 968 886 simile
1005 838 1050 885 a
1091 818 1285 886 nohis
1318 816 1581 900 sactum
1635 815 2099 897 ostendemus;
2153 822 2275 883 aul
2328 815 2711 899 aliquorum

508 947 823 1014 iudicium
865 947 946 1014 de
984 947 1188 1014 simili
1222 963 1437 1012 eausa
1477 980 1581 992 —-
1620 951 1740 1011 aut
1781 945 1862 1011 de
1909 945 2144 1012 eadem
2183 951 2302 1012 aul
2333 945 2414 1010 de
2454 945 2710 1010 minore

511 1082 632 1143 aul
719 1077 800 1142 (Ie
890 1076 1148 1142 maiore
1228 1107 1329 1118 —--
1407 1065 2207 1161 PROFEREMUSJss];
2287 1080 2407 1141 aut
2487 1091 2710 1159 neffa-

510 1205 754 1287 bimus,
830 1222 955 1270 uos
1015 1205 1098 1269 de
1166 1202 1598 1269 advorsariis
1653 1200 1983 1285 dicturos,
2057 1208 2122 1268 et
2176 1207 2395 1268 tamea
2450 1201 2710 1269 occulte

510 1308 805 1400 dicemus
859 1333 1329 1400 interiectione
1384 1329 1788 1395 verborum<

680 1460 826 1523 Jam
886 1460 938 1524 si
1011 1460 1169 1523 haec
1217 1455 1431 1521 omnia
1475 1464 1652 1521 recte
1710 1477 1827 1522 nos
1874 1459 2248 1523 observasse
2295 1435 2706 1535 concesseris,

507 1597 715 1659 neque
788 1579 955 1644 unde
1027 1583 1169 1640 orta
1242 1576 1323 1640 sit
1401 1576 1526 1640 ista
1605 1578 1944 1641 verborum
2022 1576 2088 1640 in
2165 1576 2345 1641 libris
2413 1582 2704 1656 transpo-

508 1697 686 1777 sitio,
766 1696 1036 1777 amplius
1105 1695 1444 1760 dubitabis.
1536 1695 1702 1770 Quid
1767 1697 1933 1760 enim
1991 1703 2122 1760 tam
2198 1702 2294 1761 est
2356 1695 2708 1776 probabile,

510 1835 698 1897 quam
743 1815 1072 1880 librarium
1119 1816 1395 1895 aliquem
1443 1813 1509 1876 in
1557 1816 1974 1880 describendo
2017 1815 2234 1879 codice
2267 1814 2706 1895 antiquissimo

511 1936 847 2016 deceptum
903 1937 1242 2001 verborum
1324 1933 1833 2016 conferemus
1907 1941 1971 2000 et
2035 1934 2556 2020 proferemus
2631 1935 2712 1998 si-

509 2055 865 2120 militudine
929 2057 1008 2120 ab
1069 2055 1272 2118 altero
1335 2053 1417 2116 ad
1481 2054 1753 2118 alterum
1811 2055 2011 2118 oeulis
2058 2055 2389 2119 deerrasse
2417 2106 2431 2134 ‚
2500 2055 2710 2117 media

513 2174 702 2242 ‘nihil
762 2176 974 2243 simile
1015 2228 1027 2242 .
1075 2227 1088 2242 .
1136 2224 1150 2242 .
1214 2172 1679 2262 proferemus‘
1737 2174 2045 2256 omisisse,
2105 2194 2322 2241 errore
2377 2175 2699 2255 patefacto

509 2295 779 2376 margini
826 2295 1055 2359 deinde
1102 2294 1549 2376 adscripsisse3
1619 2295 1786 2361 unde
1850 2297 1929 2361 ab
1986 2296 2110 2362 alio
2156 2294 2417 2361 librario
2466 2295 2703 2373 nesci0‚

512 2413 836 2479 cuiusnam
884 2420 1097 2479 essent
1140 2415 1298 2494 1001,
1370 2414 1756 2479 alienissimo
1824 2416 2096 2497 denique
2151 2417 2293 2480 1000
2340 2415 2406 2478 10
2462 2419 2703 2479 textum

510 2535 718 2598 denuo
763 2535 943 2599 illata
989 2554 1131 2600 esse
1175 2535 1530 2599 videantur.

681 2654 781 2716 Ad
845 2653 1115 2717 alterum
1177 2655 1548 2735 priusquam
1605 2653 2053 2735 aggrediamur
2113 2655 2322 2718 locum
2369 2653 2711 2717 verborum

510 2772 1010 2852 transpositione
1042 2773 1476 2853 depravatum,
1523 2773 1821 2838 brevibus
1867 2772 2057 2837 liceat
2104 2772 2419 2853 attingere
2465 2772 2711 2836 Desti-

511 2889 690 2953 noni
736 2889 802 2953 in
826 2890 875 2967 Ι,
925 2889 982 2968 9,
1034 2889 1116 2955 14
1163 2897 1319 2956 extr.
1369 2891 1812 2973 suspicionem.
1860 2891 2160 2972 Legimus
2205 2891 2292 2956 ibi
2340 2910 2479 2955 cum
2525 2892 2712 2972 Kay-

514 3026 694 3071 sero
763 3007 1032 3088 aliisque
1102 3011 1456 3076 editoribus
1525 3029 1667 3073 cum
1735 3010 1861 3074 alia
1927 3017 2062 3076 tum
2138 3011 2297 3074 haec
2379 3010 2712 3075 brevitatis

511 3132 889 3208 praecepta:
965 3214 970 3218 ἡ

730 3245 836 3313 ‘Ec
889 3264 972 3312 ne
1028 3247 1130 3314 bis
1178 3255 1301 3315 aut
1354 3252 1631 3335 saepius
1684 3248 1856 3315 idem
1922 3249 2262 3329 dieamus,
2336 3249 2704 3315 cavendum
2755 3306 2760 3310 .

515 3380 661 3453 est,·
707 3376 913 3440 eliam
968 3392 1061 3439 ue
1113 3376 1214 3456 id,
1273 3377 1492 3461 quod
1542 3376 1800 3445 semel
1848 3375 2239 3458 diximuS,
2298 3378 2711 3461 deinceps

510 3502 921 3584 dieamus,
979 3501 1106 3568 lzoe
1160 3504 1355 3570 modo
1411 3502 1589 3591 sqqf

680 3619 950 3701 Negavit
978 3621 1482 3688 Destinonius
1516 3624 1686 3688 inter
1712 3626 1835 3689 duo
1871 3625 1982 3689 illa
2003 3624 2336 3691 brevitatis
2365 3630 2711 3705 praecepta

509 3740 853 3821 quidquam
888 3742 1268 3808 discriminis
1314 3743 1735 3827 intercedere,
1786 3765 1983 3827 quare
2032 3746 2321 3824 alterum,
2369 3749 2596 3825 utpote
2624 3744 2701 3807 ab

516 3866 641 3873 Ἀ

573 3980 584 3992 ·
681 3915 735 3982 ¹⁸)
774 3911 936 3967 Uncis
991 3911 1338 3992 inclusimus?
1388 3930 1523 3993 quae
1581 3914 1860 3970 excidisse
1912 3920 1967 3969 et
2021 3916 2074 3969 in
2123 3914 2364 3985 margine
2428 3912 2698 3982 adscripta

510 3983 682 4036 fuisse
699 3988 966 4059 putemne,
1008 3980 1247 4058 stellulis
1281 3982 1722 4052 significavimus,
1760 3999 1866 4054 quo
1907 3984 2033 4039 loco
2062 3983 2370 4040 adulterino
2403 3985 2457 4038 in
2492 3984 2697 4038 textum

508 4052 686 4105 denuo
725 4050 828 4104 illa
868 4063 1163 4119 irrepsisse
1199 4050 1542 4117 arbitramur.
