3116 4613
2537 298 2632 375 43

438 508 672 575 mixtae
721 507 983 590 originis
1027 486 1211 576 libris¹
1251 507 1708 589 Bambergensi
1756 505 1874 572 421
1928 505 2016 591 (c)
2083 512 2147 571 et
2190 504 2635 586 Rhedigerano

440 629 480 693 2
548 630 665 714 (92)
735 629 1067 695 exhibetur
1139 629 1249 692 illa
1307 629 1534 693 vocula
1599 634 1745 708 post
1806 628 2069 692 verbum
2127 625 2432 689 auxiliare
2513 633 2635 713 est,

449 770 652 831 quare
690 750 861 812 haud
907 749 1036 813 scio
1086 768 1166 812 an
1213 748 1424 828 aliquo
1474 748 1611 812 iure
1662 747 1973 827 conicias,
2043 747 2490 826 intempestiva
2536 767 2641 812 ex-

440 869 768 950 plicatoris
805 868 1070 932 alicuius
1104 887 1300 949 opera
1321 866 1534 932 versui
1570 867 1634 929 in
1668 854 1832 930 libro
1868 846 2211 947 archetypo
2247 867 2420 930 illam
2443 866 2640 933 fuisse

444 989 974 1070 superscriptam,
1041 961 1210 1053 unde
1277 988 1342 1051 in
1396 992 1640 1050 textum
1702 986 1931 1050 deinde
1996 986 2121 1049 alio
2189 985 2331 1049 loco
2380 988 2457 1052 ab
2515 987 2638 1051 alio

443 1108 701 1172 librario
749 1115 1008 1189 recepta
1056 1127 1193 1172 esse
1237 1106 1547 1171 videatur.
1598 1106 1780 1169 Adde
1828 1106 2000 1185 quod
2023 1124 2231 1185 neque
2260 1106 2482 1170 Cicero
2509 1106 2636 1186 1.1.,

451 1232 671 1307 aperte
700 1226 1105 1291 Cornificium
1152 1228 1457 1305 imitatus,
1505 1227 1664 1289 illud
1703 1226 2176 1291 substantivum
2226 1225 2619 1306 adscripsit.⁴

617 1347 762 1410 Jam
810 1349 891 1410 ad
937 1347 1108 1427 ipsas
1165 1346 1605 1426 adsumptivae
1667 1345 2142 1410 constitutionis
2188 1350 2405 1425 partes
2471 1344 2644 1424 quod

441 1465 690 1544 attinet,
741 1466 932 1530 alium
980 1467 1045 1530 in
1090 1467 1548 1547 propositione,
1599 1467 1792 1530 alium
1829 1466 1894 1529 in
1933 1463 2379 1546 explanatione
2421 1474 2637 1526 earum

442 1585 728 1649 ordinem
777 1586 1395 1667 deprehendimus.*)
1442 1585 1723 1648 Primam
1773 1584 1938 1648 enim
1987 1583 2347 1664 explanavit
2395 1582 2630 1647 Cornif.

444 1704 948 1784 concessionem,
1016 1707 1192 1769 cuius
1250 1711 1314 1770 et
1367 1705 1433 1768 in
1478 1702 1920 1783 propositione
1968 1703 2209 1783 primus
2254 1703 2446 1767 locus·
2482 1708 2637 1782 erat,

440 1822 723 1901 perrexit
771 1823 1030 1903 deinde,
1099 1825 1269 1903 quod
1322 1824 1551 1888 merito
1612 1823 1893 1901 mireris,
1961 1823 2042 1885 ad
2099 1821 2377 1886 criminis
2432 1828 2637 1886 trans-

440 1939 773 2020 lationem,
837 1942 1013 2006 cuius
1058 1943 1125 2005 in
1169 1942 1610 2023 propositione
1657 1942 1835 2005 locus
1882 1946 2021 2005 erat
2066 1941 2325 2021 tertius,
2373 1942 2638 2005 revertit

441 2064 574 2121 tum
622 2060 872 2124 demum
920 2064 1002 2126 ad
1050 2063 1326 2127 criminis
1373 2061 1823 2141 remotionem,
1874 2081 2061 2145 quam
2110 2061 2312 2125 altero
2358 2062 2500 2124 loco
2547 2060 2638 2157 le-

440 2177 644 2256 gimus
679 2179 744 2242 in
781 2180 1240 2271 propositione,
1289 2182 1370 2244 ad
1414 2187 1808 2261 postremum
1854 2180 2153 2244 tractavit
2201 2187 2263 2245 et
2308 2181 2374 2244 in
2422 2180 2636 2261 expla-

441 2298 700 2365 natione
778 2306 841 2365 et
920 2299 985 2363 in
1064 2300 1526 2388 propositione,
1587 2301 2125 2381 conparationem.
2240 2300 2395 2365 Cum
2481 2299 2638 2363 alias

444 2417 679 2482 Cornif.
762 2420 1062 2501 religiose
1143 2422 1520 2487 observasse
1598 2422 1925 2485 videamus
2010 2420 2075 2483 in
2155 2421 2344 2485 rebus
2428 2419 2639 2499 expla-

444 2539 668 2603 nandis
734 2540 1193 2619 propositionis
1258 2542 1575 2621 ordinem,
1658 2546 1878 2605 nostro
1961 2541 2099 2604 iure
2166 2538 2225 2601 h.
2297 2539 2335 2601 1.
2415 2539 2640 2602 verbo-

445 2674 585 2718 rum
629 2656 693 2719 in
737 2659 1171 2738 proponendis
1214 2660 1404 2725 rebus
1449 2662 1892 2748 perturbatum
1941 2678 2079 2724 esse
2127 2658 2417 2722 ordinem
2468 2655 2639 2719 affir-

443 2795 706 2840 mamus.
799 2777 972 2852 Quae
1022 2796 1125 2842 res
1173 2797 1312 2841 cum
1358 2778 1498 2857 ipsa
1544 2785 1619 2840 ex
1667 2777 1902 2842 Cornif.
1952 2776 2270 2844 scribendi
2316 2796 2436 2840 usu
2483 2774 2637 2839 satis

446 2895 527 2957 sit
571 2896 940 2975 manifesta,
1012 2902 1144 2958 tum
1199 2897 1435 2959 nullam
1493 2917 1755 2977 prorsus
1824 2898 2102 2961 admittit
2167 2896 2629 2961 dubitationem
2687 2943 2690 2948 -

444 3013 794 3078 conferenti
839 3016 876 3078 l.
925 3016 962 3078 1.
1016 3016 1168 3095 quid
1211 3015 1444 3081 habeat
1491 3016 1745 3096 CicerO,
1812 3018 1979 3081 unde
2036 3016 2294 3082 dubium
2339 3035 2467 3079 non
2515 3021 2633 3094 est,

443 3132 594 3212 quin
641 3140 782 3196 orta
827 3134 908 3197 sit
952 3136 1290 3200 verborum
1334 3136 1459 3200 ista
1503 3137 1570 3200 in
1591 3135 1927 3201 Cornificio
1975 3135 2408 3215 transpositio.
2457 3134 2630 3197 Eun-

445 3252 587 3315 dem
634 3252 801 3315 enim
846 3252 973 3316 illic
1028 3254 1317 3319 mirabile
1366 3255 1539 3319 dictu
1588 3255 2119 3336 deprehendimus
2182 3253 2643 3334 propositionis

447 3371 751 3434 ordinem.
842 3371 974 3435 Nec
1046 3378 1170 3451 est,
1252 3374 1422 3453 quod
1489 3393 1870 3455 quemquam
1943 3373 2045 3436 hic
2120 3372 2431 3453 offendat,
2499 3391 2640 3437 cum

447 3488 816 3553 Ciceronem
865 3496 928 3554 et
974 3491 1038 3555 in
1086 3510 1302 3555 earum
1341 3492 1619 3572 partium
1659 3492 2102 3573 explanatione
2136 3492 2313 3556 illum
2351 3494 2640 3557 ordinem

447 3607 835 3673 instituisse'
882 3610 1227 3674 videamus.
1361 3610 1672 3675 Convenit
1749 3612 1945 3692 igitur
2034 3612 2364 3693 utriusque
2446 3613 2643 3693 scrip-

360 3807 367 3814 ·
455 3725 616 3788 toris
700 3730 1190 3808 propositionis,
1298 3750 1425 3794 non
1521 3732 1813 3795 convenit
1911 3731 2373 3811 explanationis
2466 3733 2643 3795 ord0.

448 3843 616 3918 Quid
707 3862 856 3925 ergo
939 3850 1237 3930 impedit,
1331 3850 1669 3930 quominus
1736 3852 2225 3931 contendamUS,
2318 3850 2645 3915 falsarium

634 4035 688 4103 ³⁸)
728 4034 1068 4088 Confer-enda
1109 4041 1252 4104 sunt,
1289 4052 1424 4104 quae
1465 4036 1497 4093 l.
1538 4037 1576 4091 l.
1614 4037 1756 4110 apud
1796 4043 2076 4106 utrumque
2115 4036 2435 4114 scriptorem
2475 4036 2542 4096 de
2583 4053 2645 4096 ea

484 4125 870 4194 resequantut.
