3116 4613
450 307 542 378 10

435 527 579 589 que
619 506 1115 588 scriptorem
1156 505 1434 571 eodem
1474 502 1644 570 fere
1687 512 2055 586 tempore
2088 507 2295 574 idem
2326 508 2400 574 in
2438 509 2625 575 arti-

432 626 701 693 ficium
735 629 1154 709 parvolum
1190 645 1374 692 sane
1407 624 1848 704 i‘ncidisse‘3
1895 665 1982 672 ——
2009 647 2134 708 qua
2156 630 2403 696 ratione
2432 638 2494 697 et
2522 652 2626 695 cu-

433 749 692 813 iuslibet
711 748 1004 830 plagiarii
1023 748 1298 812 hominis
1320 750 1535 827 potest
1564 743 1801 808 furtum
1833 750 2146 828 excusar13
2189 757 2299 814 aut
2331 755 2627 815 ‘utrum—

438 886 582 948 que
629 868 1121 949 sapientiam
1181 886 1398 932 suam
1459 867 1887 946 accepisse
1936 870 2028 934 ab
2074 870 2218 933 illo
2268 872 2622 953 doctore,

439 988 648 1053 cuius
697 989 1276 1054 auctorita-tem
1311 988 1360 1067 Ι,
1396 986 1496 1066 11,
1537 985 1619 1051 18
1671 994 2034 1053 tueretur
2081 973 2626 1058 Cornificius‘.

439 1108 566 1172 Sed
613 1109 850 1174 diserte
899 1118 962 1174 et
1005 1109 1196 1191 plane
1244 1110 1397 1174 dicit
1442 1108 1582 1188 ille,
1646 1127 1808 1188 quae
1869 1110 1946 1173 de
1993 1110 2420 1205 insinuatione
2464 1134 2630 1189 nova

441 1228 884 1308 excogitasset,
931 1246 1059 1293 non
1117 1235 1411 1294 constare
1464 1229 1584 1294 sibi
1631 1246 1797 1295 cum
1843 1228 2111 1297 ceteris
2158 1229 2349 1299 artis
2398 1231 2629 1318 scrip-

438 1344 750 1414 toribus,
795 1348 894 1412 An
937 1356 1233 1429 putamus
1278 1348 1705 1428 Cornificium,
1754 1351 2040 1429 quamvis
2088 1352 2276 1417 editis
2323 1354 2450 1417 iam
2495 1361 2628 1429 tum

440 1468 747 1547 temporis
779 1468 855 1532 de
880 1470 1002 1533 inv.
1033 1469 1231 1548 libri-s,
1269 1469 1345 1533 de
1372 1469 1529 1532 artis
1555 1469 1939 1549 scriptorum
1968 1490 2232 1536 numero
2260 1473 2630 1539 Ciceronem

443 1587 792 1652 exemisse?
837 1588 1001 1665 Quid
1048 1588 1219 1669 quod
1266 1594 1488 1652 contra
1536 1588 1807 1651 eundem
1856 1590 1980 1654 alio
2027 1592 2169 1656 loco
2220 1594 2311 1676 (111
2346 1594 2629 1674 prolegg.

439 1729 498 1789 p.
532 1708 696 1773 XIV.
729 1709 925 1793 med.)
973 1709 1270 1774 subaudit
1316 1708 1433 1792 (sic
1453 1708 1496 1789 1)
1542 1708 2010 1775 Weidnerus
2052 1711 2458 1777 Cornificium
2508 1715 2634 1778 dis-

439 1832 771 1907 putantem
816 1864 902 1873 —
947 1828 1108 1892 conf.
1139 1848 1278 1893 cum
1305 1829 1431 1893 Cic.
1458 1830 1582 1892 inV.
1611 1830 1659 1909 Ι,
1710 1830 1812 1910 11,
1862 1831 1941 1895 16
1987 1833 2151 1896 med.
2179 1834 2412 1899 Cornif.
2437 1835 2485 1915 Ι,
2535 1834 2632 1915 11,

447 1949 526 2013 18
570 1986 657 1996 —-
700 1950 824 2014 alio
884 1951 1027 2014 loco
1093 1950 1270 2033 (ibid.
1320 1970 1380 2030 p.
1430 1950 1538 2014 IX.
1603 1950 1716 2033 in.)
1784 1952 1885 2016 vel
1949 1955 2167 2034 sumit,
2237 1956 2508 2019 alterum
2557 1956 2634 2020 ab

440 2070 643 2134 altero
707 2070 903 2137 fuisse
949 2072 1357 2153 ignoratum?
1443 2070 1671 2133 Nonne
1731 2089 1769 2133 a
1833 2090 1900 2136 se
1945 2072 2085 2152 ipso
2148 2074 2256 2138 ille
2319 2074 2628 2139 dissidere

441 2189 558 2253 tibi
602 2190 895 2255 videtur?
938 2192 1229 2272 Denique
1275 2192 1738 2257 Weidnerus
1783 2194 1849 2257 id
1894 2194 2102 2274 ipsum
2148 2195 2495 2259 arbitratus
2543 2201 2638 2259 est

443 2308 582 2373 fieri
628 2312 932 2392 potuisse,
984 2316 1080 2377 ‘ut
1118 2310 1417 2377 Cornif.
1461 2312 1882 2377 inventum
1930 2333 2181 2394 suum,
2232 2313 2401 2378 alio
2452 2320 2637 2377 ante

443 2430 619 2496 loco
666 2434 892 2497 velut
947 2434 1026 2497 in
1074 2433 1416 2498 circulis
1463 2435 2124 2516 sermonibusque
2173 2435 2636 2515 expositum,

445 2571 609 2616 cum
670 2555 760 2618 ab
826 2555 986 2617 alio
1046 2561 1571 2634 praereptum
1634 2555 1980 2635 videret,
2048 2555 2187 2619 hoc
2252 2561 2636 2634 tamquam

444 2694 664 2740 suum
717 2676 1037 2741 litteris
1086 2676 1243 2741 sibi
1286 2676 1786 2740 vindicaret‘.
1880 2675 2006 2739 Sed
2052 2675 2224 2754 quod
2271 2678 2438 2738 esset
2483 2672 2641 2736 illud

442 2795 731 2860 veritatis
792 2802 856 2859 et
912 2797 1251 2876 probitatis
1296 2798 1362 2861 in
1409 2795 1718 2860 Cicerone
1766 2794 2045 2858 studium
2090 2792 2256 2856 infra
2303 2811 2340 2855 a
2381 2791 2636 2856 Weid-

442 2932 627 2977 nero
674 2913 1085 2999 laudatum*),
1134 2916 1187 2981 si
1233 2916 1496 2980 alterius
1544 2916 1716 2980 dicta
1761 2923 1825 2981 et
1871 2916 2151 2996 cogitata
2179 2914 2637 2995 praeripuisset

445 3039 509 3096 et
541 3053 657 3113 pro
698 3036 827 3099 suis
855 3036 1277 3113 venditasset3
1328 3055 1490 3117 quae
1537 3043 1709 3101 esset
1754 3037 2023 3101 ridicula
2069 3034 2251 3116 quasi
2290 3033 2448 3097 ultio
2483 3032 2638 3097 Cor·
2715 3017 2719 3021 ’

444 3152 642 3234 infici,
709 3156 762 3220 si
809 3156 1134 3248 Ciceronis
1196 3157 1473 3221 vicissim
1517 3158 1583 3221 in
1629 3157 1853 3221 eadem
1896 3175 1967 3221 re
2012 3155 2208 3219 verba
2255 3154 2639 3234 expilasset‘?

442 3274 679 3339 Verum
764 3247 930 3341 enim
1012 3297 1164 3343 vero
1241 3298 1369 3342 non
1438 3278 1505 3340 in
1582 3278 1771 3342 rebus
1848 3277 2286 3341 tantummodo
2369 3295 2636 3357 congru·

423 3402 588 3476 ·unt,
660 3404 1013 3477 congruunt
1073 3398 1265 3460 etiam
1324 3396 1458 3462 fere
1521 3399 1587 3461 in
1652 3398 1880 3462 verbis.
1973 3397 2137 3473 Quid
2200 3396 2429 3476 multa,
2497 3416 2636 3460 cum

444 3515 584 3595 ipse
627 3516 1093 3580 Weidnerus
1142 3516 1439 3596 desperet
1485 3516 1926 3596 gravissimum
1989 3517 2164 3580 illum
2223 3517 2434 3580 locum
2481 3518 2635 3580 satis

444 3655 637 3716 posse
685 3637 1052 3716 explicare?
1130 3636 1441 3700 Nimirum
1486 3636 1646 3700 haec
1691 3637 1915 3701 verba'
1945 3654 2132 3717 quam
2178 3636 2448 3699 maxime
2492 3655 2638 3715 per-

563 3959 614 4027 *)
656 3958 805 4012 velut
842 3957 975 4012 dicit
1011 3958 1046 4012 l.
1088 3958 1123 4013 1.
1162 3976 1211 4028 p.
1243 3956 1363 4012 XV.
1401 3958 1503 4012 sub
1543 3959 1629 4011 fin.
1667 3958 1995 4012 ‘Extremum
2034 3960 2138 4013 hoc
2176 3959 2329 4014 dico:
2371 3957 2634 4012 0111111111-

451 4042 603 4113 pedit
642 4043 929 4113 quominus
978 4042 1059 4097 sic
1097 4048 1426 4111 statuamus,
1482 4042 1801 4097 Ciceronem
1861 4061 1960 4097 non
2020 4044 2193 4099 minus
2242 4061 2396 4115 quam
2435 4044 2640 4098 Corni-

454 4127 629 4185 ficium
670 4127 915 4184 veritatis
953 4135 1008 4183 et
1044 4128 1332 4199 probitatis
1371 4127 1677 4183 studiosum
1717 4128 1924 4193 fuisse‘.
