3116 4613
2612 247 2653 317 5

460 458 540 507 an
584 442 1005 509 vetustiorum
1072 446 1380 511 librorum
1442 447 1890 514 auctoritatem
1951 448 2165 530 potius
2213 450 2520 532 sequaris,
2590 450 2655 514 in

463 560 706 627 incerto
754 584 1016 630 necesse
1064 567 1146 631 sit
1189 567 1604 649 relinquatur.

632 683 760 749 Sed
803 686 1017 750 nescio
1068 707 1191 768 quo
1237 690 1428 752 modo
1472 689 1708 754 factum
1748 698 1863 772 est,
1909 700 1999 775 ut,
2046 695 2153 776 qui
2188 702 2409 761 nostra
2444 702 2655 761 aetate

460 808 559 872 his
589 807 767 874 libris
802 827 1062 889 operam
1096 814 1408 873 navarunt
1441 810 1561 873 viri
1595 810 1784 892 docti,
1832 813 1876 876 ii
1924 815 2005 878 ad
2046 834 2237 879 unum
2270 816 2403 881 fere
2438 836 2657 883 omnes

459 929 523 992 in
580 929 925 994 odorandis
990 931 1539 1012 exstirpandisque
1604 934 1814 999 verbis
1878 935 2283 1017 interpolatis
2349 939 2654 1020 singulari

461 1054 735 1133 quodam
781 1054 991 1118 studio
1040 1053 1166 1118 sint
1210 1054 1447 1118 versati
1493 1073 1612 1118 nec
1657 1074 1784 1118 non
1826 1058 2101 1137 genuina
2146 1059 2485 1141 interdum,
2532 1080 2649 1141 pro

461 1175 834 1239 adulterinis
872 1175 1108 1254 habita,
1157 1174 1284 1238 alia
1322 1175 1430 1237 alii
1467 1174 1622 1238 item
1651 1160 1725 1238 xin
1765 1176 2019 1241 exilium
2055 1179 2361 1244 miserint.
2420 1180 2656 1245 Verum

465 1295 631 1358 enim
676 1313 865 1373 vero,
916 1313 1078 1375 quae
1125 1294 1319 1357 nimio
1369 1294 1644 1358 dilucide
1694 1296 1945 1360 dicendi
1993 1299 2202 1363 studio
2250 1299 2451 1365 fusius
2496 1290 2653 1364 Ποτι-Δ

460 1435 782 1497 nunquam
812 1415 1187 1487 Cornificius
1218 1415 1610 1496 perscripsit,
1660 1435 1784 1495 quo
1822 1417 2140 1484 efficacius
2180 1422 2261 1485 ad
2293 1422 2654 1486 rhetoricae

458 1544 804 1619 praecepta
847 1538 1212 1602 institueret
1255 1538 1415 1601 rude
1464 1536 1599 1601 eius
1649 1536 1805 1601 artis
1852 1539 1933 1601 ad
1975 1539 2131 1603 illud
2167 1560 2370 1622 usque
2402 1549 2652 1623 tempus

459 1659 741 1723 Herenni
771 1659 1112 1739 ingenium,
1162 1676 1238 1721 ea
1271 1663 1335 1722 et
1368 1656 1509 1736 ipsa
1537 1656 1833 1736 nequiter
1869 1676 1906 1720 a
1942 1660 2318 1739 quibusdam
2355 1662 2421 1726 in
2458 1662 2654 1727 inter-

463 1780 807 1861 polationis
854 1780 1277 1860 suspicionem
1324 1784 1470 1841 sunt
1514 1784 1759 1842 vocata.
1852 1779 2156 1845 Eiusdem
2212 1784 2463 1863 generis
2512 1792 2657 1849 sunt

465 1900 510 1964 ii
568 1901 724 1980 loci,
793 1900 858 1963 in
922 1901 1148 1981 quibus
1212 1896 1546 1978 proposita
1614 1915 1807 1977 supra
1874 1900 2191 1964 sententia
2250 1907 2313 1964 et
2370 1900 2657 1981 pluribus

467 2021 764 2101 deinceps
809 2021 1128 2084 illustrata
1174 2038 1315 2082 cum
1363 2017 1649 2097 emphasi
1697 2018 1970 2098 quadam
2032 2019 2258 2084 iisdem
2319 2027 2430 2084 aut
2486 2022 2658 2086 simi-

461 2143 627 2207 libus
671 2142 882 2205 verbis
926 2140 1091 2204 infra
1134 2139 1634 2219 redintegratum
1685 2157 1848 2220 quae
1891 2159 2016 2219 res,
2062 2146 2133 2204 ut
2180 2148 2276 2205 est
2324 2142 2478 2206 artis
2522 2161 2657 2206 ma-

464 2264 662 2346 gistro
711 2261 1106 2344 dignissima,
1175 2260 1267 2324 ita
1328 2258 1562 2324 nullius
1624 2259 1986 2340 scrupulum
2047 2280 2303 2327 movere
2364 2262 2653 2328 debebat.

463 2384 599 2463 Est,
644 2383 755 2449 ubi
798 2383 1122 2448 Ciceronis
1170 2382 1249 2445 de
1293 2381 1416 2443 inv.
1462 2379 1611 2444 libri
1657 2398 1874 2444 ansam
1921 2382 2214 2446 dederint
2258 2389 2328 2447 ut
2372 2384 2657 2465 interpo-

465 2505 776 2571 latoribus
821 2505 977 2586 ipsis
1024 2505 1115 2569 ita
1159 2500 1727 2584 interpolationum
1786 2520 1945 2581 quos
2003 2503 2181 2567 aiunt
2224 2506 2653 2586 venatoribus,

466 2644 607 2689 cum
651 2625 717 2689 hi
762 2626 974 2705 mod0,
1039 2644 1201 2706 quae
1249 2626 1328 2689 de
1376 2624 1599 2689 eadem
1659 2643 1729 2687 re
1792 2625 1977 2704 plura
2034 2626 2203 2705 apud
2250 2625 2657 2692 Cornificium

466 2746 754 2828 legerent
800 2765 989 2828 quam
1050 2744 1221 2825 apud
1267 2745 1672 2825 Ciceronem,
1732 2751 2001 2826 propter
2062 2747 2129 2811 id
2192 2748 2400 2828 ipsum
2461 2750 2657 2813 inter-

463 2867 682 2947 polata
728 2885 867 2932 esse
914 2866 1034 2931 sibi
1080 2865 1575 2946 persuaderent,
1643 2865 1870 2944 modo,
1940 2884 2102 2946 quae
2158 2867 2223 2929 in
2271 2868 2658 2948 discrepanti

464 3008 677 3053 rerum
724 2995 1022 3054 contextu
1069 2988 1293 3052 eadem
1339 2987 1508 3067 apud
1552 2993 1893 3066 utrumque
1942 2985 2520 3067 deprehenderent,
2579 3007 2655 3052 ex

469 3108 773 3172 Cicerone
806 3109 870 3172 in
896 3107 1302 3173 Cornificium
1322 3106 1634 3169 translata
1680 3124 1819 3169 esse
1866 3109 2109 3169 temere
2157 3125 2273 3186 pro
2324 3107 2654 3186 explorato

464 3230 789 3309 haberent,
836 3248 1044 3310 neque
1092 3229 1436 3309 quidquam
1481 3225 1664 3305 pensi
1709 3225 1787 3289 iis
1836 3232 2021 3306 esset,
2071 3244 2234 3307 quae
2278 3226 2443 3289 ratio
2492 3226 2658 3291 inter

465 3350 610 3415 illos
652 3350 850 3414 libros
895 3348 1341 3411 intercederet.
1433 3346 1598 3423 Quid
1643 3348 1890 3427 mirum,
1958 3349 2129 3429 quod
2174 3347 2240 3409 in
2283 3346 2658 3427 pervulgata

465 3470 575 3534 illa
618 3470 1183 3549 interpolationum
1252 3470 1433 3551 quasi
1512 3468 1850 3532 venatione
1916 3469 2229 3533 sexcentis
2293 3468 2418 3533 illis
2476 3469 2654 3548 lociS,

466 3591 573 3655 ubi
619 3591 965 3670 depravata
1008 3590 1178 3654 haud
1226 3590 1415 3655 dubie
1463 3587 1760 3654 Cornifici
1804 3589 2000 3653 verba
2050 3589 2234 3653 nobis
2283 3587 2655 3669 offeruntur,

469 3709 549 3772 ad
593 3709 963 3774 vilissimam
1009 3710 1183 3773 illam
1231 3708 1628 3790 exstirpandi
1691 3709 2005 3773 rationem
2050 3709 2394 3790 plerosque
2442 3710 2657 3773 statim

469 3826 811 3909 confugere
839 3829 1144 3909 videmus,
1195 3829 1376 3910 quasi
1412 3828 1570 3893 haec
1603 3847 1731 3892 una
1766 3828 1946 3893 libris
1980 3847 2209 3909 nempe
2246 3827 2657 3893 multifariam

467 3949 869 4028 interpolatis
914 3949 1229 4014 medicina
1272 3948 1478 4029 possit
1521 3949 1784 4029 parari?

642 4069 767 4135 Sed
827 4072 905 4136 de
951 4068 1553 4149 interpolationibus
1600 4070 1753 4151 quid
1797 4068 2124 4149 videatur,
2195 4067 2573 4150 simulatque
2620 4087 2658 4132 a
