3116 4613
2601 270 2687 348 13

485 472 631 539 ‘toto
664 489 878 540 rerum
912 479 1213 542 contextu
1239 474 1578 543 Cornificio
1628 473 2017 560 dignissima,
2067 498 2142 543 ex
2175 479 2318 542 loco
2359 479 2460 543 vel
2494 479 2690 557 inter-

492 598 786 677 polatore
832 599 1093 679 indigna
1154 599 1338 664 nobis
1401 600 1696 680 praeberi
1758 600 2166 688 perspicuum
2232 607 2357 679 est,
2428 601 2549 665 erit
2611 603 2688 665 de

490 720 1112 798 transpositionibus.
1204 719 1453 783 Accidit
1503 720 1699 800 enim,
1766 726 1868 800 ut,
1932 720 1985 784 si
2043 720 2108 783 in
2165 738 2348 784 suum
2406 721 2685 802 quidque

493 837 703 901 locum
748 839 1238 919 restituerinmS,
1285 838 1442 903 nihil
1488 839 1759 919 amplius
1802 839 1987 904 nobis
2034 840 2117 904 sit
2162 838 2515 904 offensioni.

663 958 839 1034 Quae
887 964 1227 1038 postquam
1266 958 1824 1039 praemunivimus,
1874 960 2001 1023 iam
2034 960 2208 1041 ipsos
2244 961 2690 1041 aggrediamur

488 1057 665 1142 l'ocos
711 1079 1050 1143 verborum
1096 1076 1709 1158 transpositionibus
1768 1078 2045 1142 vitiatos.
2139 1077 2263 1142 Sed
2331 1078 2422 1142 ita
2484 1079 2688 1143 visum

493 1204 589 1262 est
634 1199 968 1263 instituere
1017 1198 1477 1279 quaestionem,
1525 1203 1596 1260 ut
1641 1215 1769 1260 non
1816 1198 2021 1262 solum
2065 1198 2130 1261 in
2178 1217 2358 1262 suum
2408 1198 2687 1280 quidque

489 1323 698 1387 locum
744 1321 1126 1386 restituendi
1171 1339 1435 1384 munere
1483 1319 1921 1400 fungeremur,
1971 1318 2083 1383 sed
2131 1319 2495 1400 diligentius
2544 1339 2688 1385 exa-

488 1444 803 1508 minantes
890 1443 1220 1524 seriptoris
1304 1448 1366 1505 et
1445 1443 1641 1507 verba
1721 1446 1785 1505 et
1853 1439 2202 1504 sententias
2268 1440 2555 1521 pluribus
2623 1441 2689 1505 in

487 1564 749 1645 singulis
819 1564 978 1627 locis
1047 1581 1617 1640 commoraremur,
1702 1579 1826 1640 quo
1904 1561 2105 1642 magis
2170 1567 2543 1641 appareret,
2624 1567 2688 1625 et

487 1704 649 1765 quae
699 1689 867 1748 esset
915 1702 1135 1748 eorum
1193 1687 1451 1762 natura,
1514 1698 1806 1762 quaeque
1867 1697 2096 1744 causae
2143 1678 2225 1742 ad
2269 1686 2688 1761 transponen-

489 1806 637 1869 dum
692 1824 809 1869 nos
857 1803 1333 1884 compellerent.
1421 1802 1554 1866 Nec
1625 1801 1707 1863 ad
1739 1800 2108 1864 ·verborum
2154 1804 2403 1863 tantum
2446 1799 2687 1880 placuit

487 1925 766 1988 animum
813 1923 1165 1987 advertere·
1205 1920 1782 2002 transpositioneS,'
1843 1920 1956 1984 sed
2017 1938 2431 2000 quaecunque
2494 1921 2685 1985 etiam

487 2043 614 2107 alia
649 2043 774 2107 illis
811 2043 970 2108 locis
1007 2041 1628 2123 deprehenderemus
1676 2045 1785 2103 aut
1829 2040 2060 2104 vitiosa
2105 2045 2215 2102 aut
2258 2046 2572 2122 suspecta,
2620 2042 2686 2105 in

485 2183 562 2227 ea
605 2169 667 2226 et
708 2164 849 2243 ipsa
894 2162 1103 2227 animo
1152 2161 1603 2243 proposuimus
1654 2160 1977 2240 inquirere
2027 2164 2108 2238 et,
2158 2165 2463 2239 quantum
2513 2167 2684 2225 esset

484 2282 549 2346 in
596 2282 812 2362 nobis,
875 2282 1156 2363 singulos
1202 2282 1379 2347 locos
1429 2283 1787 2347 emendare.
1882 2280 2084 2361 quue
2134 2298 2208 2346 eo
2255 2281 2456 2363 magis
2500 2282 2684 2347 nobis

487 2401 895 2482 condonabis,
946 2403 1150 2482 quod,
1215 2402 1282 2465 ni
1330 2403 1699 2468 convenerit
1758 2404 1835 2467 de
1895 2402 2106 2467 verbis
2173 2403 2352 2484 ipsis,
2426 2401 2683 2466 difficile

486 2521 613 2584 iam
660 2520 853 2585 fuerit
902 2522 1229 2603 disputare
1278 2523 1356 2586 de
1403 2542 1625 2587 eorum
1670 2511 2318 2603 transpositionibus.
2382 2520 2685 2601 Disputa-

486 2642 680 2706 tionis
729 2650 943 2706 autem
992 2662 1137 2707 eum
1186 2645 1475 2709 ordinem
1522 2644 2019 2724 observabimus,
2066 2649 2136 2706 ut
2179 2662 2392 2707 rerum
2432 2660 2505 2706 ac
2543 2660 2684 2706 ver-

485 2762 711 2825 borum
759 2762 1025 2842 seriem,
1096 2769 1401 2843 quantum
1467 2763 1603 2828 eius
1649 2764 1789 2829 fieri
1832 2764 2102 2845 poterit,
2170 2762 2558 2827 retineamus
2621 2768 2684 2826 et

487 2899 599 2945 suo
649 2880 927 2961 quidque
973 2882 1116 2946 loco
1164 2883 1587 2948 absolvamus.

1383 3140 1653 3221 Liber
1709 3140 1777 3220 I.

655 3326 704 3408 Ι,
755 3328 811 3409 6,
860 3328 898 3393 9
944 3334 1092 3410 post
1137 3327 1219 3393 in.
1275 3325 1459 3395 ‘Tria
1502 3336 1660 3395 sunt
1704 3335 2031 3419 tempora,
2087 3331 2158 3396 in
2196 3329 2436 3415 quibus
2464 3331 2679 3416 prin-

484 3459 662 3542 cipio
718 3458 820 3523 uli
869 3474 1004 3523 non
1065 3476 1466 3542 possumus,
1543 3476 1718 3543 quae
1790 3458 2148 3544 diliqenter
2218 3463 2377 3525 sunt
2443 3460 2680 3525 consi-

485 3585 839 3652 deranda:
905 3590 1027 3651 aul
1079 3603 1277 3670 quom
1332 3592 1596 3672 turpem
1651 3604 1934 3653 causam
1984 3587 2321 3671 habemus,
2377 3586 2505 3653 hoc
2558 3593 2676 3670 est,

487 3732 683 3800 quom·
751 3716 908 3799 ipsa
993 3732 1106 3781 res
1178 3716 1469 3781 animum
1557 3716 1898 3783 auditoris
1982 3734 2028 3781 a
2104 3715 2299 3781 nobis
2378 3715 2680 3794 alienat,-

486 3848 609 3910 aul
661 3862 858 3928 quom
911 3844 1176 3910 animus
1232 3843 1571 3911 auditoris
1621 3861 2001 3930 persuasus
2064 3860 2210 3909 esse
2270 3842 2556 3910 videtur
2590 3842 2677 3910 ab

483 3975 598 4058 iis,
665 3976 782 4059 qui
834 3978 991 4040 ante
1045 3978 1290 4039 contra
1344 3973 1713 4054 dix-erun&
1785 3978 1907 4040 aut
1968 3989 2165 4057 quom
2218 3971 2525 4054 defessus
2579 3976 2681 4037 est

485 4122 601 4173 eos
656 4102 1029 4187 audiendo,
1103 4104 1219 4188 qui
1279 4106 1436 4168 ante
1508 4102 1853 4171 dixerunt.
1955 4100 2035 4169 Si
2096 4119 2314 4170 causa
2369 4102 2677 4190 turpitu-
