3116 4613
2515 139 2644 211 49·

410 352 633 427 tatem.
697 337 735 379 '¹'
754 347 940 416 Vana
992 348 1174 417 ratio
1229 353 1359 432 est,
1421 303 1748 435 ‹inoff-'eie
1764 313 1995 432 'fdisa‘
2015 304 2259 418 ediis}
2288 315 2603 429 ²constat,

409 476 536 547 hoc
589 477 831 546 modo.
884 495 1081 545 amor
1131 475 1501 564 snpiendns
1553 493 1691 544 non
1743 482 1864 561 est,
1922 496 2079 544 nam
2131 496 2219 546 ece
2273 496 2352 546 eo
2397 481 2609 547 veris-

408 625 603 675 suma
668 608 980 675 nascitur
1046 608 1396 688 amicitia,·
1475 611 1599 673 ant
1666 604 1795 672 ltoc
1866 606 2104 674 modo:
2173 607 2613 694 philosophia

411 736 699 804 vitanda
751 741 901 818 est,·
987 733 1229 817 adfert
1290 736 1464 802 enim
1525 735 1916 802 socordiam
1981 720 2187 820 atque
2257 736 2609 809 desidiam.

347 956 350 960 .
410 863 586 931 Nam
618 864 748 932 hae
801 866 1107 932 rationes
1161 866 1297 932 nisi
1343 862 1587 946 falsae
1629 869 1867 947 essent
1918 861 2389 1040 expositiones
2442 885 2610 952 qno-

414 1011 542 1079 que
595 1011 832 1061 earnm
890 1012 1092 1062 veras
1147 1013 1293 1061 esse
1347 994 1839 1074 confiteremur.
2670 1047 2677 1051 .

620 1102 1050 1212 [INFIRMA
1114 1122 1383 1192 RATIO
1453 1122 1654 1207 EST
1728 1120 1971 1209 QUAE
2025 1119 2221 1229 NON
2267 1121 2609 1190 NECES-

411 1249 690 1319 SARIO
757 1254 1051 1320 ostendit
1117 1256 1215 1320 ita
1270 1271 1444 1336 esse,
1521 1270 1714 1339 quem
1765 1252 1864 1319 ad
1912 1251 2177 1319 modum
2231 1253 2610 1340 expositum

422 1385 541 1466 est,
601 1381 781 1450 velut
833 1388 1005 1469 aput
1053 1383 1415 1452 Plautum:

621 1509 918 1578 Amicum
973 1507 1329 1600 castiqare
1383 1512 1466 1578 ob
1521 1513 1830 1578 meritam
1884 1511 2165 1577 nooeiam

609 1629 875 1710 inmune
925 1647 1035 1708 est
1077 1640 1372 1724 facinus,
1430 1660 1662 1713 verum
1713 1643 1785 1708 in
1838 1644 2064 1708 aetate
2118 1638 2278 1708 ntile

622 1772 688 1834 et
743 1771 1164 1840 conducibile
1222 1822 1236 1838 .

512 1895 703 1965 Haec·
723 1902 1057 1986 eoepositio
1087 1908 1220 1986 est3
1273 1903 1640 1987 videamus,
1673 1908 1854 1989 qnae*
1876 1903 2059 1970 ratio
2090 1900 2502 1984 adferatur:

921 2028 1098 2098 Nam
1163 2050 1287 2120 eqo
1356 2036 1647 2103 amicum
1711 2032 1909 2100 hodie
1975 2050 2188 2099 meum

819 2162 1304 2248 concastiqabo
1359 2182 1491 2249 pro
1549 2164 1905 2230 commissa
1958 2163 2194 2249 nomia.

614 2285 724 2353 Ea:
762 2305 861 2373 eo,
904 2290 1087 2375 qnod
1113 2293 1258 2378 ipse
1288 2291 1611 2375 facturus
1644 2296 1764 2376 est,
1810 2309 1943 2360 non
1978 2310 2065 2358 ex
2096 2310 2197 2374 ec,
2236 2289 2419 2376 qnod
2454 2290 2613 2371 fieri
2717 2269 2722 2271 ’

410 2420 737 2501 convenit,
787 2419 950 2489 utile
988 2421 1152 2507 qnid
1207 2425 1312 2507 sit,
1367 2425 1833 2490 ratiocinatur
1870 2472 1884 2486 .
1927 2415 2159 2524 'ItemJ
2224 2416 2606 2486 INFIRMA

411 2542 681 2612 RATIO
749 2546 944 2635 EST,
1025 2546 1268 2638 QUAE
1348 2550 1545 2620 NON
1619 2549 2253 2619 NECESSARIAM
2328 2541 2661 2630 cansam]

408 2670 640 2755 adfert
692 2681 1184 2763 eoepositionis;
1238 2681 1417 2748 velnt
1469 2676 1818 2749 Pacuvius
1868 2678 2041 2765 sqq.‘

581 2795 738 2860 Cum
803 2805 1143 2880 utrumque
1205 2800 1328 2865 hoc
1391 2799 1679 2884 infirmae
1735 2799 2002 2864 rationis
2073 2801 2429 2881 exemplum
2504 2819 2605 2863 or-

411 2916 623 2981 diatur
669 2920 748 2983 ab
807 2918 1036 2985 iisdem
1089 2920 1301 2985 verbis
1326 2920 1617 3001 ‘infirma
1646 2923 1830 2988 ratio
1886 2925 2005 3003 est,
2064 2938 2239 3005 quae
2292 2938 2428 2987 non
2480 2940 2605 2989 ne—

409 3041 678 3105 cessari
717 3089 732 3104 .
768 3092 781 3106 .
822 3039 844 3068 (
890 3040 1190 3107 facillime
1211 3040 1351 3105 fieri
1380 3042 1612 3122 potuit,
1660 3047 1749 3121 ut,
1798 3040 2241 3106 deerrantibus
2266 3042 2345 3106 ab
2380 3061 2505 3106 uno
2538 3041 2604 3106 in
2641 3103 2652 3116 ,

409 3159 681 3223 alterum
699 3160 910 3256 locum
934 3161 1181 3226 librarii
1202 3162 1420 3242 oculis,
1455 3160 1944 3243 priusinfirmae
1960 3161 2227 3257 rationis
2248 3162 2603 3241 exemplum

409 3280 831 3361 omitteretur,
865 3280 1136 3361 margini
1156 3287 1227 3345 ut
1243 3282 1566 3348 assolebat
1581 3287 1811 3362 postea
1836 3282 2327 3364 adscriberetur,
2361 3281 2597 3346 iniusto

363 3411 369 3420 ⁴
409 3400 551 3464 loco
590 3400 657 3464 in
701 3405 946 3464 textum
994 3402 1200 3466 denuo
1247 3403 1647 3483 reciperetur
1668 3402 1752 3486 *).
1827 3402 2020 3467 Cuius
2064 3401 2130 3465 in
2176 3400 2604 3466 adulterinum

618 3631 1027 3702 *JPerg-ratum
1066 3630 1195 3685 mihi
1223 3630 1442 3700 accidit,
1480 3636 1555 3700 ut,
1596 3635 1881 3701 postquam
1921 3630 1975 3685 in
2014 3630 2286 3685 officinam
2324 3634 2599 3700 typogra-

410 3716 624 3788 phicam
661 3717 781 3772 misi
820 3715 1054 3787 aliquam
1091 3722 1298 3787 partem
1335 3715 1492 3771 huius
1523 3715 1969 3787 scriptiunculae‚
2006 3734 2075 3771 ex
2112 3715 2419 3771 novissimo
2464 3713 2592 3769 Phi-

413 3802 593 3872 lologi
651 3800 928 3856 volumine
974 3802 1086 3870 (37,
1143 3820 1193 3874 p.
1251 3804 1378 3872 386)
1435 3816 1857 3870 cognoscerem,
1925 3801 2254 3871 Langenium
2308 3806 2363 3854 et
2416 3800 2593 3871 ipsum

412 3887 467 3942 h.
505 3887 544 3942 1.
581 3885 1064 3957 transpositionem
1103 3885 1299 3941 factam
1336 3902 1463 3941 esse
1499 3885 1605 3939 sibi
1634 3884 1997 3957 persuasisse.
2051 3884 2265 3943 Erravit
2291 3890 2472 3962 autem
2508 3884 2593 3938 vir

411 3971 786 4039 doctissimuS,
838 3986 959 4025 cum
995 3970 1152 4041 dixit,
1190 3988 1326 4041 quae
1370 3972 1425 4027 in
1462 3971 1803 4043 paragrapho
1854 3975 1939 4042 35,
1991 3971 2243 4042 exposita
2301 3973 2490 4024 essent
2528 3969 2594 4024 de

2119 4079 2184 4128 411
