3116 4613
2576 242 2667 320 15

482 447 511 515 1
544 450 646 535 (μ)
674 448 912 516 codicis
936 446 1206 532 margini
1231 448 1622 534 adscriptum
1648 458 1745 518 est
1771 449 1975 516 altera
1998 468 2207 530 manu,
2246 449 2419 515 docti
2442 449 2671 530 opinor

481 571 747 637 alicuius
810 572 930 636 viri
990 578 1054 636 et
1116 572 1314 654 ipsius
1374 573 1433 637 h.
1480 575 1541 659 1.
1569 572 1913 639 haerentis.
2006 570 2133 635 Sed
2175 589 2256 635 ne
2301 571 2368 636 id
2413 572 2670 652 quidem

478 693 664 757 nobis
697 691 1047 758 satisfaciet
1079 694 1651 773 considerantibus,
1685 692 2145 775 turpitudinem
2192 690 2436 757 duabus
2469 693 2670 773 potis-

482 812 707 875 simum
733 813 811 878 de
837 814 1044 879 causis
1064 833 1255 895 posse
1271 813 1610 895 proficisci.
1657 811 2093 878 Proficiscitur
2120 811 2304 891 enim,
2351 818 2422 875 ut
2453 818 2671 876 aucto-

480 950 585 996 res
633 938 777 997 sunt
822 940 1072 999 veteres
1112 936 1268 999 artis
1315 935 1680 1015 scriptoreS,
1729 939 1839 996 aut
1886 933 1965 996 ab
2006 931 2261 996 homine
2308 937 2418 998 aut
2456 932 2535 996 ab
2581 951 2670 995 re.

482 1052 619 1127 Qua
686 1053 750 1117 in
813 1061 1083 1133 utraque
1149 1072 1340 1118 causa
1402 1052 1554 1134 quid
1614 1050 1978 1116 faciundum
2043 1070 2248 1132 quove
2309 1033 2675 1133 confugien-

484 1173 631 1235 dum
679 1179 848 1238 esset
894 1174 1167 1253 oratori,
1236 1173 1372 1237 veri
1441 1178 1536 1237 est
1597 1172 1801 1237 simile
1858 1172 2202 1237 tradidisse
2247 1172 2672 1236 Cornificium.

485 1291 701 1374 (Velut
745 1294 1051 1376 scriptum
1116 1299 1212 1359 est
1258 1295 1426 1376 apud
1473 1293 1848 1358 Ciceronem
1908 1293 1986 1357 de
2044 1293 2167 1356 inv.
2215 1293 2264 1372 Ι,
2315 1291 2415 1371 17,
2463 1290 2548 1356 24
2590 1291 2674 1354 in.

488 1418 584 1487 ‘Se'
633 1439 891 1488 causae
945 1423 1295 1507 turpitudo
1351 1420 1705 1488 conti-amit
1758 1421 2205 1504 offensionem,
2265 1425 2386 1487 aul
2423 1438 2558 1505 pro
2599 1438 2678 1486 eo

482 1548 759 1633 homine,
815 1552 1055 1635 inquo
1094 1548 1476 1632 offenditur,
1536 1550 1747 1616 alium
1789 1548 2132 1632 hominem,
2191 1551 2308 1633 qui
2350 1547 2674 1633 diliqz'tur,

483 1677 829 1762 interponi
866 1681 1180 1763 oportec,·
1235 1682 1355 1743 aul
1400 1695 1535 1763 pro
1568 1696 1663 1758 re,
1720 1680 1789 1744 in
1845 1697 1980 1764 qua
2035 1677 2414 1760 offenditur,
2472 1677 2680 1743 aliam

485 1823 654 1888 rem,
726 1825 900 1891 quae
951 1805 1337 1891 probatur,·
1421 1810 1570 1872 aut
1627 1824 1788 1891 pro
1860 1824 1945 1872 re
2015 1805 2448 1888 hominem,
2534 1809 2681 1869 aut

476 1950 641 2019 pro
695 1932 1026 2000 homine
1078 1952 1276 2016 rem,
1334 1938 1409 2000 ut
1460 1932 1547 1998 ab
1606 1952 1705 2015 e0,
1763 1935 1944 2020 quod
1986 1934 2160 2016 odit,
2218 1934 2313 1999 ad
2355 1933 2443 2016 id,
2503 1933 2686 2017 quod

484 2061 721 2146 diliqz't,
780 2062 1119 2128 auditoris
1174 2066 1437 2129 animes
1502 2060 1955 2130 traducatur<
2063 2061 2225 2124 Item
2263 2060 2431 2139 apud
2470 2059 2679 2135 Quint.

486 2180 628 2243 inst.
698 2199 787 2243 or.
855 2180 961 2260 IV,
1014 2182 1069 2261 1,
1119 2180 1201 2245 44
1246 2187 1393 2261 post
1439 2181 1519 2244 in.
1638 2178 1840 2248 ‘Illud
1896 2184 1966 2249 in
2026 2184 2413 2248 universum
2457 2197 2683 2265 prae-

485 2313 795 2395 ceperim,
852 2317 925 2377 ut
969 2311 1055 2376 ab
1104 2314 1210 2393 iis,
1268 2329 1441 2395 quae
1481 2310 1778 2392 laedunt,
1837 2312 1933 2378 act
1983 2330 2085 2395 ea,
2145 2328 2318 2395 quae
2366 2314 2680 2394 prosunt,

484 2437 953 2524 refuqianms‚·
1047 2441 1127 2505 si
1208 2458 1483 2506 causa
1580 2438 2210 2520 laborabimus,
2299 2455 2683 2522 persona

486 2567 966 2649 subveniat,
1022 2569 1098 2633 si
1140 2585 1548 2652 persona,
1624 2559 2013 2653 causas.)*)
2099 2567 2209 2631 Sin
2255 2566 2411 2630 illud
2455 2565 2682 2642 minus,

488 2685 714 2749 melius
759 2682 1046 2767 profecto
1097 2692 1234 2749 erat
1261 2692 1602 2766 utrumque
1632 2686 2148 2768 praetermittere
2186 2704 2376 2767 quam
2413 2687 2686 2750 alterum

494 2804 810 2885 omittere,
860 2782 1033 2885 quod
1076 2805 1283 2869 solum
1313 2805 1521 2869 omitti
1553 2825 1682 2870 non
1718 2807 1968 2887 debeat,
2018 2812 2081 2871 et
2108 2805 2336 2870 afferre
2381 2806 2467 2885 id,
2516 2807 2688 2886 quod

492 2943 687 2988 unum
732 2924 886 2990 ferri
949 2933 1244 3007 nequeat.
1337 2927 1501 3003 Quid
1557 2928 1806 2992 multa?
1900 2927 2125 2991 Nonne
2187 2927 2440 3007 egregie
2504 2926 2689 2991 nobis

498 3046 876 3109 subveniunt
931 3046 1054 3126 ipsi
1113 3047 1258 3112 libri
1318 3067 1509 3111 manu
1570 3049 1843 3132 scripti?
1929 3050 2186 3115 Habent
2249 3068 2400 3115 sane
2447 3048 2691 3129 aliquot

499 3166 749 3231 codices
786 3167 955 3231 haud
993 3167 1388 3247 spernendae
1435 3171 1836 3236 auctoritatis
1881 3171 2078 3235 verba
2135 3169 2497 3253 mammem,
2555 3188 2690 3236 non

495 3306 654 3371 rem,
698 3295 819 3356 aut
848 3307 1008 3371 rem,
1065 3306 1199 3354 non
1227 3286 1596 3371 hommem‘,
1657 3310 1819 3371 quae
1851 3309 2102 3354 omnem
2128 3308 2391 3370 prorsus
2420 3287 2691 3353 difficul-

496 3414 697 3472 tatem
745 3426 1044 3471 amovere
1089 3408 1442 3471 videantur.
1526 3408 1654 3473 Sed
1699 3410 1856 3475 haec
1902 3410 2114 3490 lecti0,
2164 3428 2286 3489 quo
2339 3414 2435 3473 est
2480 3428 2693 3472 rerum

501 3547 573 3591 ac
618 3530 957 3593 verborum
1007 3529 1327 3591 contextui
1392 3531 1963 3610 accommodatior,
2032 3550 2105 3594 eo
2168 3527 2477 3592 maiorem
2538 3545 2693 3607 prae

674 3820 728 3888 ²⁹)
764 3819 911 3884 Quae
948 3838 1017 3874 ex
1054 3819 1167 3875 Cic.
1206 3818 1274 3874 de
1314 3819 1422 3874 inv.
1458 3812 1617 3870 {ibris
1654 3810 1921 3867 afferenda
1961 3812 2134 3876 erant,
2172 3806 2226 3862 in
2265 3805 2335 3861 iis
2375 3803 2694 3861 Weidncri-

506 3918 660 3959 anam
697 3905 870 3958 secuti
908 3921 1090 3959 sumus
1128 3904 1544 3969 auctoritatemg
1590 3915 1728 3970 quae
1775 3914 1844 3951 ex
1879 3893 2200 3961 Quintiliani
2254 3897 2376 3948 inst.
2416 3907 2498 3946 or.
2536 3890 2694 3945 libris

509 3988 879 4059 laudavimuS‚
921 3990 1092 4045 Halmi
1130 3991 1388 4045 debemus
1425 3986 1508 4042 ed.
1547 3984 1690 4053 crit.‚
1728 3999 1884 4053 quam
1922 3981 1976 4035 in
2016 3980 2193 4035 lucem
2231 3978 2326 4033 ille
2365 3976 2538 4032 edidit
2572 3975 2697 4051 Lip-

508 4075 619 4131 siae
660 4074 1130 4132 Mocchxvln.
