3116 4613
2600 277 2694 351 37

502 485 731 566 quibus
776 485 966 550 rebus
1013 485 1476 550 assentiremur
1520 485 1606 566 ei,
1674 482 2077 550 dissentienti
2136 481 2214 548 ab
2284 477 2453 562 aliis,
2522 486 2586 546 et
2629 479 2696 544 in

503 608 728 688 quibus
784 605 906 686 ipsi
970 605 1028 669 ei
1088 625 1215 670 non
1273 605 1839 686 adstipularemur,
1918 603 2205 686 quamvis
2275 600 2696 667 consentienti

503 747 643 791 cum
690 726 849 804 aliis,
897 725 962 788 in
1011 744 1086 789 ea
1132 727 1345 790 omnia
1390 725 1757 806 diligentius
1803 698 2287 805 inquireremus.

671 847 757 908 Et
800 846 1074 926 primum
1121 845 1376 925 quidem
1420 845 1986 926 reprehendendus
2034 850 2130 908 est
2175 843 2309 921 ille,
2381 843 2489 923 qui
2554 862 2695 907 cum

498 965 818 1030 veteribus
844 965 1031 1030 huius
1061 966 1217 1031 artis
1251 966 1602 1031 editoribus
1628 966 1694 1029 in
1712 965 1925 1047 ⁴prima
1948 963 2089 1044 lege
2118 963 2691 1042 commemoranda,

501 1104 663 1166 quae
687 1091 810 1150 est:
854 1085 987 1153 ‘lex
1022 1092 1162 1154 est:
1213 1087 1278 1153 si
1324 1084 1635 1168 furiosus
1673 1088 1919 1152 existet
1952 1081 2124 1170 sqq.‘
2182 1102 2258 1148 ex
2312 1083 2694 1147 deterrimae

502 1205 805 1287 cuiusque
851 1213 1043 1272 notae
1090 1207 1412 1273 codicibus
1447 1206 1851 1270 retinendum
1886 1205 2007 1269 sibi
2040 1203 2282 1285 putarit
2332 1223 2470 1269 esse
2520 1206 2694 1269 auxi-

498 1325 657 1390 liare
700 1327 964 1391 verbum
1011 1333 1131 1394 est.
1180 1329 1576 1407 Quamquam
1602 1325 1768 1390 enim
1805 1341 1885 1387 ne
1919 1342 2036 1388 nos
2075 1324 2330 1404 quidem
2368 1343 2691 1405 negamus,

499 1446 700 1526 magis
756 1444 940 1511 nobis
1001 1447 1284 1511 arridere
1328 1449 1525 1512 verba
1581 1447 1823 1511 inserta
1885 1464 2073 1525 quam
2131 1445 2366 1509 omissa
2428 1445 2540 1508 illa
2584 1467 2693 1510 vo-

502 1565 675 1644 cula,
743 1572 806 1630 et
862 1565 1035 1630 facili
1080 1566 1338 1646 negotio
1386 1565 1525 1630 fieri
1571 1565 1892 1646 potuisse,
1956 1571 2027 1628 ut
2092 1584 2166 1629 ea
2221 1583 2338 1645 per
2398 1584 2694 1646 compen-

505 1685 674 1749 dium
733 1687 799 1750 in
864 1686 1027 1750 libro
1099 1685 1442 1766 archetypo
1506 1685 1746 1765 scripta
1802 1686 2221 1766 proximoque
2282 1685 2524 1748 nomini
2584 1686 2694 1749 ad-

505 1807 721 1870 iuncta
745 1807 1167 1884 omitteretur,
1198 1810 1445 1868 tantum
1471 1812 1686 1870 tamen
1718 1805 1918 1883 abest,
1966 1809 2036 1866 ut
2061 1805 2392 1886 Kayseri
2406 1805 2693 1887 vestigiis

500 1925 884 2005 insistamus„
934 1932 1005 1990 ut
1037 1925 1462 1991 deterioribus
1494 1924 1817 1989 codicibus
1845 1923 1911 1987 in
1942 1942 2019 1987 ea
2046 1942 2117 1987 re
2148 1943 2399 2009 omnem
2430 1944 2693 2006 prorsus

501 2047 949 2110 auctoritatem
989 2045 1419 2127 abrogandam
1455 2063 1594 2109 esse
1630 2044 2078 2123 existimemus,
2127 2045 2362 2125 quippe
2399 2045 2506 2126 (1111
2536 2044 2694 2108 nihil

499 2167 848 2246 praebeant
892 2167 1015 2230 nisi
1061 2185 1301 2230 meram
1349 2165 1521 2228 docti
1567 2163 1833 2228 alicuius
1859 2162 1978 2226 viri
2016 2165 2445 2228 coniecturam
2485 2183 2691 2244 neque

504 2304 642 2350 eam
688 2286 1104 2366 probabilem.
1196 2287 1396 2350 Immo
1444 2303 1597 2349 vero
1648 2302 1788 2348 cum
1836 2283 2258 2349 consentienti
2306 2284 2691 2365 optimorum

498 2406 806 2470 librorum
841 2405 1223 2470 auctoritate
1253 2410 1386 2468 tum
1409 2405 1535 2470 Cic.
1575 2406 1716 2469 loco
1760 2403 2076 2468 simillimo
2124 2402 2300 2467 iuxta
2347 2404 2690 2483 adscriptO,

502 2525 609 2605 qui
657 2531 719 2590 et
764 2526 902 2607 ipse
951 2532 1166 2590 careat
1209 2526 1321 2590 illa
1362 2524 1619 2604 vocula,
1690 2524 2162 2603 compellimur,
2226 2542 2306 2587 116
2369 2523 2523 2603 quid
2566 2523 2692 2588 illis

503 2645 941 2710 concedamus.
1031 2643 1286 2707 Etenim
1335 2661 1497 2723 quae
1546 2643 1797 2706 dicendi
1836 2643 2000 2706 ratio
2037 2643 2102 2705 in
2137 2644 2692 2707 commemoranda

504 2764 725 2829 eadem
769 2766 908 2845 lege
953 2764 1269 2827 neminem
1287 2780 1567 2842 unquam
1596 2761 1861 2825 offendit
1907 2762 2077 2843 apud
2108 2761 2500 2842 Ciceronem,
2550 2782 2690 2827 eam

502 2902 629 2946 non
674 2903 791 2964 par
838 2890 934 2948 est
980 2884 1148 2965 apud
1193 2888 1481 2946 nostrum
1527 2881 1751 2946 haberi
1795 2883 2185 2946 mendosam.

673 3002 896 3084 Neque
943 3004 1022 3067 de
1068 3002 1145 3066 iis
1190 3000 1429 3079 verbis,
1500 3018 1664 3080 quae
1711 3000 1880 3081 apud
1926 3007 2263 3081 utrumque
2312 3001 2688 3082 scriptorem

502 3125 989 3203 subsequuntur,
1020 3121 1302 3185 inunum
1330 3117 1607 3183 omnium
1636 3126 1991 3200 congruunt
2023 3122 2394 3186 sententiae.
2443 3122 2693 3186 Accidit

503 3242 697 3323 enim,
765 3247 836 3305 ut
896 3242 961 3305 in
1019 3240 1241 3305 eadem
1300 3237 1411 3301 illa
1453 3238 1596 3318 lege
1642 3239 1962 3303 laudanda
2008 3238 2230 3305 Cicero
2294 3241 2542 3323 priscae
2599 3243 2692 3306 la-

502 3362 772 3426 tinitatis
793 3361 1062 3426 formam
1104 3359 1317 3427 ‘escit‘
1360 3358 1426 3441 (i.
1452 3377 1504 3423 e.
1555 3377 1704 3426 esse
1757 3352 2027 3447 incipit)
2074 3361 2453 3440 adhibuerit,
2503 3382 2691 3443 quam

505 3482 769 3545 eandem
797 3480 974 3545 illum
1008 3482 1294 3545 videmus
1327 3498 1668 3560 usurpasse
1696 3478 1888 3542 etiam
1917 3479 2094 3559 alias,
2142 3481 2315 3545 velut
2345 3482 2412 3545 111
2439 3481 2687 3546 Tuscul.

504 3601 661 3680 disp.
702 3600 815 3680 III,
865 3601 921 3679 5,
973 3598 1047 3663 11
1098 3600 1214 3664 sub
1260 3598 1385 3678 fin.,
1430 3598 1541 3662 ubi
1589 3596 1871 3661 eiusdem
1906 3598 2065 3678 legis
2096 3601 2486 3665 mentionem
2516 3600 2686 3665 fecit.

499 3718 684 3783 Unde
741 3717 979 3781 factum
1041 3736 1181 3782 esse
1238 3719 1645 3800 perspicuum
1715 3722 1843 3796 est,
1922 3723 1994 3779 ut
2065 3719 2458 3784 recentiores
2526 3739 2684 3783 non-

500 3835 659 3900 nulli
705 3835 1165 3901 Cornificianae
1212 3838 1368 3903 artis
1417 3837 1715 3917 editores,
1764 3856 2031 3917 quorum
2076 3837 2141 3900 in
2185 3856 2448 3902 numero
2499 3840 2689 3903 etiam

500 3946 915 4063 Klotzium·
960 3975 1096 4021 esse
1141 3957 1358 4036 vide0,
1431 3963 1691 4022 auctore
1740 3956 2147 4024 Schuetzio
2194 3977 2310 4039 pro
2382 3958 2687 4043 ‘exi-staff,

502 4077 710 4164 quod,
786 4093 1004 4142 omnes
1072 4079 1382 4159 praebent
1449 4077 1732 4159 codiceS,
1802 4077 1925 4143 nisi
1998 4077 2168 4159 quod
2241 4078 2463 4159 pauci,
2548 4079 2688 4143 lite-
