3116 4613
2644 288 2692 358 '9

500 485 709 555 ficium
733 486 1076 571 expilasset
1098 495 1207 554 aut
1228 509 1417 573 quam
1436 490 1640 555 multa
1658 489 1724 554 in
1743 490 1862 556 hac
1884 490 2108 556 fraude
2128 496 2476 573 peccasset,
2506 504 2693 571 quam

502 612 939 692 copiosissime
987 631 1322 694 exponere.
1415 613 1550 677 Iam
1607 613 1760 677 mihi
1814 614 2079 680 videbar
2139 621 2200 679 et
2247 615 2385 696 ipse
2432 632 2693 694 operam

500 732 874 815 perdidisse,
904 734 1076 814 quod
1102 733 1359 798 dubium
1383 751 1512 797 non
1537 739 1653 813 est,
1682 735 1837 814 quin
1861 735 2076 817 aliqua
2101 755 2176 800 ex
2203 741 2387 816 parte
2412 734 2695 799 futurum

500 851 709 933 fuerit,
748 854 800 917 si
825 854 1198 934 gravissima
1224 859 1598 935 argumenta
1621 855 1938 948 potuisset
1963 856 2070 920 ille
2097 855 2437 934 infirmare,
2467 855 2695 935 quibus

502 978 860 1039 ceterorum
903 975 1227 1039 nitebatur
1270 975 1593 1039 iudicium.
1687 975 1968 1042 Conatus
2023 984 2237 1042 autem
2296 983 2393 1041 est
2436 974 2693 1039 Weid-

497 1113 728 1187 nerus
775 1098 1210 1178 comprobare,
1261 1096 1557 1162 Cornifici
1594 1106 1797 1162 artem
1837 1100 2261 1180 conscriptam
2300 1105 2362 1164 et
2395 1099 2460 1162 in
2485 1099 2691 1161 lucem

503 1216 734 1281 editam
783 1236 924 1282 esse
971 1218 1296 1282 Ciceronis
1339 1218 1518 1283 libris
1567 1218 1692 1282 iam
1739 1220 1987 1300 pridem
2034 1220 2115 1283 ad
2160 1219 2525 1283 umbilicum
2589 1216 2698 1279 ad-

503 1339 724 1404 ductis.
772 1339 956 1416 Quod
981 1346 1050 1404 ut
1085 1341 1422 1419 evinceret,
1458 1345 1739 1418 externa,
1788 1358 1950 1419 quae
1989 1340 2149 1404 alios
2181 1357 2405 1419 parum
2442 1354 2696 1400 curasse

499 1466 785 1540 putaret,
849 1466 1225 1540 argumenta
1277 1459 1586 1525 adhibuit.
1678 1459 1853 1536 Quae
1915 1460 2127 1524 omnia
2173 1478 2314 1523 cum
2360 1458 2521 1522 adeo
2569 1475 2698 1520 non

503 1587 716 1645 essent
775 1581 1256 1645 accommodata
1301 1581 1383 1644 ad
1427 1581 1944 1660 persuadendum
1988 1587 2085 1659 ut,
2153 1580 2234 1643 ad
2278 1578 2528 1658 priores
2575 1575 2697 1640 sal-

500 1709 630 1768 tem
678 1702 976 1769 Cornifici
1020 1701 1218 1767 libros
1258 1704 1429 1788 quod
1475 1701 1733 1781 attinet,
1804 1701 1959 1764 nihil
2017 1704 2283 1781 possent
2325 1696 2699 1762 imminuere

501 1823 844 1887 certiorum
890 1821 1400 1886 testimoniorum
1445 1820 1665 1901 fidem,
1737 1821 2211 1902 exspectabam,
2282 1821 2360 1882 de
2417 1817 2694 1882 insinua-

498 1944 691 2008 tionis
753 1943 861 2007 illo
920 1943 1062 2007 loco
1127 1943 1279 2023 quid
1344 1943 1672 2008 videretur
1731 1942 2174 2019 WeidnerO,
2262 1939 2497 2021 quippe
2564 1954 2690 2017 quo

500 2084 624 2128 uno
671 2063 1030 2128 firmissimo
1081 2064 1263 2144 quasi
1319 2061 1731 2126 fundamento
1796 2068 2091 2142 putarem
2158 2060 2313 2124 satis
2377 2075 2694 2138 superque

499 2185 702 2248 nisam
749 2203 888 2248 esse
937 2183 1319 2248 contrariam
1365 2182 1637 2247 aliorum
1705 2182 2105 2247 sententiam.
2209 2181 2308 2244 An
2356 2179 2695 2244 dilucidius

501 2324 882 2386 quemquam
931 2302 1361 2368 existimamus
1408 2303 1696 2383 potuisse
1757 2302 2077 2381 dividere,
2148 2320 2312 2383 quae
2370 2299 2511 2365 aliis
2567 2298 2697 2364 sive

502 2424 919 2505 scriptoribus
966 2424 1097 2489 sive
1141 2423 1463 2503 magistris
1512 2423 1794 2501 deberet,
1844 2440 2006 2502 quae
2048 2423 2126 2485 de
2163 2440 2277 2485 sua
2309 2420 2509 2500 ipsius
2556 2436 2696 2483 sen-

501 2546 704 2609 tentia
747 2561 912 2607 nova
957 2543 1022 2605 in
1083 2542 1362 2606 medium
1421 2542 1827 2622 protulisset,
1891 2559 2081 2621 quam
2143 2560 2319 2620 eum,
2391 2540 2498 2620 qui
2553 2538 2594 2601 l.
2655 2537 2696 2601 1.

504 2666 784 2747 scripsit:
831 2662 1081 2729 ‘Adhuc
1124 2680 1297 2746 quae
1341 2662 1526 2728 diota
1580 2668 1753 2746 sunt,
1814 2662 2124 2729 arbitror
2172 2660 2333 2727 minz·
2374 2664 2699 2726 constare

504 2813 651 2860 omn
687 2794 931 2859 ceteris
973 2792 1148 2856 artis
1194 2789 1670 2874 scriptoribus,
1728 2792 1863 2856 nisi
1898 2808 2071 2874 qnae
2116 2789 2197 2857 de
2238 2791 2697 2856 insinuatione

503 2941 680 2990 nova
735 2920 1302 3005 coeooyitavimnS,
1363 2918 1545 3001 qnod
1597 2937 1746 2984 earn
1798 2917 1933 2984 soli
1970 2922 2258 3003 praeter
2311 2922 2577 2983 ceteros
2630 2917 2701 2982 in

506 3052 644 3115 tria
691 3055 995 3133 tempora
1043 3037 1531 3133 dim'sirnus‘.*)
1580 3044 1744 3121 Quid
1778 3052 1991 3109 autem
2026 3044 2147 3108 hoc
2186 3044 2263 3109 de
2293 3042 2699 3108 locoWeid-

505 3170 781 3233 nerus‘?
824 3164 1321 3231 Arbitraturille
1347 3165 1604 3245 quidem
1630 3163 1696 3246 (l.
1716 3163 1754 3226 l.
1775 3164 1981 3245 p.XV.
2003 3165 2198 3248 med.)
2238 3169 2347 3228 aut
2385 3167 2702 3227 ‘utrum-

639 3339 690 3408 *)
731 3336 876 3402 Quae
915 3335 1015 3390 tria
1050 3334 1433 3390 insinuationis
1473 3340 1715 3405 tempora
1753 3334 1856 3387 iarn
1895 3333 1959 3387 ab
2000 3332 2334 3386 Anaximene
2391 3332 2699 3402 significata

502 3441 627 3480 esse
667 3420 942 3494 persuasit
978 3420 1083 3474 sibi
1124 3419 1413 3487 KayseruS.
1452 3417 1560 3472 Sed
1598 3424 1723 3472 sunt
1761 3417 1890 3486 alia,
1927 3435 2062 3488 quae
2101 3418 2335 3487 legimus
2374 3416 2517 3488 apud
2553 3418 2701 3471 Cor-

503 3510 737 3566 nificium
760 3508 799 3578 1,
838 3512 887 3575 6,
922 3511 952 3560 9
990 3505 1081 3574 in.,
1119 3521 1275 3577 quern
1299 3505 1480 3559 locum
1503 3510 1691 3573 postea
1713 3503 2084 3571 tractabimus,
2123 3504 2247 3568 alia,
2286 3519 2420 3573 quae
2449 3502 2533 3557 illi
2562 3503 2694 3557 loco

504 3595 831 3651 conferenda
872 3592 1124 3647 videntur
1161 3605 1285 3643 esse
1324 3589 1376 3643 in
1415 3595 1533 3643 arte
1562 3586 1936 3655 AnaximeniS,
1975 3589 2129 3642 velut
2155 3589 2414 3657 scriptum
2449 3592 2535 3641 est
2560 3589 2701 3658 apud

504 3681 656 3736 illum
708 3681 1002 3749 (Rhetores
1055 3677 1282 3744 Graeci,
1339 3692 1406 3729 ex
1462 3690 1570 3729 rec.
1610 3671 1867 3743 Spengeli
1926 3674 2035 3728 vol.
2079 3671 2117 3727 Ι.
2158 3691 2208 3745 p.
2250 3676 2349 3729 215
2404 3671 2503 3725 sub
2557 3671 2700 3740 lin.):

506 3765 639 3829 ‘nal
703 3769 842 3841 τοῖς
905 3764 1026 3846 μὲν
1087 3760 1255 3850 μήτε
1314 3753 1385 3826 εὖ
1444 3757 1611 3847 μήτε
1670 3762 1888 3835 κακῶς
1948 3756 2406 3837 διακειμένοις
2453 3756 2523 3821 ἐκ
2573 3760 2703 3819 τῶν

504 3866 835 3931 τοιούτων
881 3863 997 3952 τὴν
1046 3857 1312 3929 εὔνοιαν
1360 3863 1762 3947 ποριστέον,
1809 3859 1967 3937 τοὺς
2014 3861 2087 3927 δὲ
2133 3859 2704 3947 διαβεβλημένους

506 3962 866 4053 ἀναγκαῖον
910 3965 1029 4042 τὰς
1077 3963 1406 4045 διαβολὰς
1464 3958 1509 4053 ἢ
1570 3957 1878 4039 αὐτοὺς
1934 3959 2191 4045 ἔχειν,
2259 3957 2304 4049 ἢ
2347 3960 2438 4027 τὰ
2501 3956 2703 4044 πρά-

506 4095 812 4157 γματα,
880 4064 1088 4147 ὑπὲρ
1154 4057 1258 4131 ὧν
1323 4065 1768 4152 λέγουσιν,
1831 4059 1874 4151 ἢ
1931 4063 2069 4129 τὸν
2135 4059 2427 4151 λόγονῆ
