3116 4613
2534 262 2629 343 29

441 474 937 553 Ostmannus,
989 486 1129 537 cum
1176 465 1402 536 eodem
1435 477 1652 536 careat
1683 468 1927 536 Cicero,
1993 466 2119 536 Sed
2163 466 2507 552 videamus,
2554 492 2634 537 ne

441 592 704 657 mirifice
751 611 964 658 secum
1009 591 1116 656 ille
1162 591 1300 672 ipse
1346 596 1604 672 pugnet,
1664 591 1772 671 qui
1814 591 1917 654 hic
1963 591 2029 654 in
2072 592 2405 657 brevitatis
2450 611 2634 672 prae-

444 713 648 794 ceptis
694 712 1148 793 interpolatum
1209 727 1347 774 esse
1414 709 1534 774 sibi
1595 711 2016 791 persuaserit,
2080 711 2379 790 quoniam
2441 731 2634 776 unum

438 837 852 913 praeceptum
904 830 1047 913 plus
1101 829 1361 910 legisset
1420 829 1487 892 in
1547 827 1884 893 Cornificio
1948 849 2136 911 quam
2193 830 2259 893 in
2306 829 2632 911 Cicerone,

441 951 569 1014 illic
615 951 680 1014 in
726 948 1201 1032 perspicuitatis
1246 948 1513 1029 legibus,
1565 951 1864 1029 quoniam
1904 951 2158 1014 easdem
2195 951 2364 1031 apud
2393 957 2635 1015 utrum-

442 1088 564 1150 que
612 1069 1156 1150 deprehendisset.
1248 1067 1384 1144 Quo
1448 1067 1606 1133 nihil
1672 1069 1939 1150 cogitari
1997 1075 2212 1150 potest
2272 1070 2634 1135 inconstan-

446 1189 588 1253 tius.
636 1189 836 1252 Immo
863 1207 1051 1253 vero:
1096 1207 1247 1252 non
1294 1206 1379 1252 ea
1420 1190 1795 1268 quaestio
1846 1208 2017 1253 esse
2052 1189 2407 1268 debebit,
2457 1189 2635 1270 quid

440 1306 721 1371 habeat
761 1306 1066 1388 Cicero,
1115 1308 1299 1388 quid
1343 1327 1491 1372 non
1535 1308 1849 1388 habeat,
1899 1308 2036 1372 sed
2082 1326 2277 1388 quae
2324 1308 2635 1389 scripta

441 1431 622 1490 sunt
666 1424 872 1506 apud
919 1424 1467 1507 Cornificium,
1516 1426 2149 1509 explicationem
2196 1428 2634 1492 admittant

438 1545 708 1609 bonam
755 1550 993 1624 atque
1038 1546 1562 1612 tolerabilem
1608 1565 1873 1611 necne.
1930 1546 2146 1623 Quod
2194 1547 2454 1611 sinon
2500 1554 2632 1626 est,

439 1669 591 1728 tum
652 1665 954 1728 demum
1001 1665 1092 1728 ad
1137 1662 1558 1730 Ciceronis
1616 1638 2193 1730 auctoritatem
2256 1666 2631 1730 debemus

437 1802 879 1864 provocare,
928 1783 991 1848 si
1019 1785 1402 1864 possimus
1430 1784 1570 1848 hoc
1600 1785 1819 1848 modo
1852 1804 2106 1849 verum
2138 1783 2629 1864 investigare.

608 1902 782 1979 Quae
813 1909 1151 1985 postquam
1185 1909 1615 1968 convenerunt
1644 1903 1812 1967 inter
1856 1922 1992 1983 nos,
2038 1903 2165 1967 iam
2209 1904 2368 1968 haec
2418 1911 2623 1984 erunt,

441 2041 602 2103 quae
671 2022 747 2087 de
812 2023 1198 2087 narrationis
1261 2025 1576 2089 brevitate
1624 2030 1815 2104 atque
1860 2023 2319 2104 perspicuitate
2366 2023 2632 2087 tradidit

443 2140 818 2207 Cornificius
833 2163 847 2206 ε

648 2271 826 2339 ‘Rem
855 2271 1147 2340 breviter
1175 2289 1477 2340 narrare
1501 2273 1900 2358 poterimuS,
1952 2273 2017 2339 si
2051 2271 2203 2339 inde
2236 2272 2631 2359 incipiemus

439 2417 760 2481 narrare,
819 2401 995 2467 unde
1028 2419 1300 2468 necesse
1335 2403 1484 2484 erit,
1541 2407 1607 2467 et
1633 2403 1857 2467 sinon
1894 2398 1979 2466 ab
2014 2399 2245 2468 ultimo
2279 2402 2469 2468 initio
2505 2418 2629 2467 re-

434 2534 666 2613 petere
698 2528 1012 2625 volemus,
1069 2531 1225 2596 etsi
1252 2531 1650 2615 summatim,
1694 2546 1831 2594 non
1862 2529 2331 2616 particulatim
2359 2546 2628 2595 narra-

441 2654 672 2738 bimus,
730 2662 794 2722 et
845 2660 910 2724 si
958 2675 1092 2723 non
1135 2658 1231 2724 ad
1268 2663 1659 2738 extremum,
1714 2657 1840 2723 sed
1876 2674 2085 2741 usque
2126 2675 2225 2738 ec,
2284 2674 2413 2741 quo
2458 2674 2629 2742 opus

442 2784 591 2866 erit,
644 2801 1146 2869 persequemur,
1205 2791 1270 2851 et
1316 2787 1381 2851 si
1417 2779 1936 2852 transitionibus
1980 2785 2184 2852 nullis
2223 2790 2504 2866 utemur,
2564 2790 2628 2850 et

441 2912 506 2976 si
537 2929 671 2977 non
711 2912 1174 2979 deerrabimus
1215 2913 1302 2979 ab
1347 2931 1444 2991 ec,
1504 2915 1687 2999 quod
1713 2918 2134 3000 coeperimus
2171 2930 2533 2997 exponere,
2565 2917 2629 2978 et

443 3042 507 3107 si
541 3042 762 3106 eoeitus
802 3058 1030 3107 rerum
1060 3042 1161 3107 ita
1193 3059 1540 3126 ponemus,
1600 3048 1673 3110 ut
1713 3048 1871 3109 onte
1924 3059 2186 3128 quoque
2223 3058 2396 3125 quae
2427 3039 2628 3123 facta

412 3172 596 3254 sint,
678 3172 850 3238 sciri
911 3171 1214 3255 possint,
1299 3174 1569 3237 tametsi
1657 3187 1782 3236 nos
1853 3171 2362 3250 reticuerimus,
2442 3169 2625 3252 quod

441 3317 695 3386 penus:
760 3300 824 3365 si
874 3298 1127 3379 dicam,
1197 3315 1298 3364 me
1352 3316 1439 3364 esc
1485 3300 1849 3400 provincia
1904 3298 2185 3380 redisse,
2240 3296 2627 3382 profectum

444 3447 705 3515 quoque
792 3429 861 3493 in
925 3428 1355 3513 provinciam
1441 3411 1918 3511 intelleqatur;
1995 3431 2059 3492 et
2140 3428 2405 3492 omnino
2493 3443 2627 3492 non

444 3558 639 3623 modo
694 3557 783 3638 id,
842 3555 1025 3640 quod
1075 3555 1286 3640 obest,
1346 3555 1467 3621 sed
1520 3556 1722 3621 etiam
1776 3555 1894 3639 iel„
1944 3553 2126 3639 quod
2174 3569 2387 3637 neque
2442 3551 2631 3619 obest

445 3702 655 3768 neque
722 3683 1025 3767 adiuvat,
1110 3685 1331 3751 satius
1402 3689 1503 3750 est
1552 3683 1980 3769 praeterire:
2049 3687 2116 3748 et
2183 3699 2265 3748 ne
2338 3680 2440 3749 bis
2509 3688 2631 3749 aut

446 3812 721 3897 saepius
793 3810 965 3877 idem
1032 3811 1382 3896 dicamus,
1451 3811 1823 3878 cavendum
1892 3817 2036 3892 est,·
2116 3813 2318 3878 etiam
2386 3828 2469 3878 ne
2535 3811 2627 3897 id,

447 3940 629 4028 quod
678 3939 885 4006 semel
943 3939 1265 4025 disrimuS,
1349 3940 1664 4025 deinceps
1750 3939 2077 4023 dica-mus,
2170 3938 2298 4007 lzoc
2391 3939 2633 4007 modo:

648 4068 922 4138 Athenis
976 4068 1330 4156 Meyarom
1381 4070 1650 4157 vesperi
1698 4068 1970 4135 advenit
2020 4064 2204 4134 Simo
2262 4118 2278 4134 .
2309 4121 2324 4136 .
2356 4120 2371 4137 .
2404 4117 2422 4135 .
2586 4058 2589 4062 ’
