3116 4613
2521 255 2613 325 25

592 453 985 519 Perscrutati
1023 459 1167 517 sunt
1207 453 1646 520 difficillimum
1681 452 1845 516 hunc
1881 452 2090 516 locum
2127 452 2437 533 Kayser
2452 453 2615 535 us*)

427 580 489 636 et
536 578 682 652 post
729 592 872 637 eum
907 570 1493 655 Sieve1²sius**),
1543 591 1811 653 quorum
1849 577 2117 651 uterque
2161 572 2512 638 offenderat
2553 573 2617 636 in

424 692 633 756 verbis
691 693 790 759 ‘ne
832 711 1029 778 quam
1073 695 1141 758 in
1183 691 1393 758 aliam
1437 710 1580 759 rem
1630 698 2078 774 transennam,
2137 709 2219 759 ne
2258 693 2344 759 ab
2384 693 2615 759 ultimo

424 817 835 898 repetamuS,
893 830 974 878 ne
1030 812 1225 896 lonqe
1271 810 1823 897 persequamur‘,
1872 811 1963 874 ita
2009 815 2248 892 tamen,
2297 818 2401 892 ut,
2452 831 2615 894 quae

425 931 532 994 ille
581 931 916 996 dilucidius
965 931 1081 1015 (sic
1101 930 1144 1013 l)
1194 932 1570 1011 scriptorem
1620 930 1745 993 alio
1796 930 2018 995 ordine
2066 930 2380 994 dicturum
2416 930 2613 996 fuisse

425 1069 633 1131 neque
667 1051 900 1115 dixisse
931 1049 1336 1128 concesserit,
1382 1048 1485 1112 hic
1520 1048 1648 1111 iam
1679 1068 1888 1129 neque
1918 1050 2028 1115 illo
2064 1050 2206 1115 loco
2238 1070 2446 1132 neque
2483 1071 2619 1116 om-

426 1172 576 1236 nino
624 1172 959 1236 retinenda
1006 1190 1146 1235 esse
1193 1169 1312 1235 sibi
1357 1167 1767 1250 persuaserit.
1814 1169 2197 1235 Provocavit
2228 1176 2499 1252 uterque
2538 1170 2621 1235 ad

430 1290 819 1354 simillimum
888 1290 1374 1381 Ciceronianum
1441 1289 1685 1367 locum,
1770 1306 1957 1367 quem
2026 1308 2218 1370 supra
2282 1290 2621 1354 maluimus

429 1409 604 1473 iuxta
637 1410 1020 1489 adscribere,
1071 1428 1194 1490 quo
1233 1409 1436 1490 magis
1481 1427 1702 1473 eorum
1739 1407 2077 1488 perspicua
2118 1407 2286 1475 foret
2332 1429 2408 1474 ex
2454 1428 2623 1473 com-

429 1530 763 1610 paratione
813 1529 1180 1608 similitudo,
1229 1529 1356 1609 ille,
1404 1535 1475 1592 ut
1522 1548 1599 1592 ex
1646 1527 1868 1591 eadem
1913 1528 2244 1608 utriusque
2293 1527 2623 1609 scriptoris

433 1648 844 1713 similitudine
903 1648 1244 1711 verborum
1293 1647 1582 1711 ordinem
1628 1645 1863 1709 mutari
1906 1650 2186 1727 vetaret,
2225 1648 2383 1728 hic,
2431 1653 2502 1710 ut
2549 1667 2624 1712 ex

434 1787 652 1832 eorum
696 1768 762 1831 in
807 1766 1219 1831 similitudine
1268 1763 1697 1846 discrepantia
1744 1765 2024 1845 spuriam
2082 1771 2145 1830 et
2200 1766 2622 1831 adulterinam

433 1905 571 1950 esse
606 1885 913 1949 librorum
946 1886 1287 1950 lectionem
1325 1886 1811 1951 demonstraret.
1862 1884 2141 1960 Quorum
2174 1891 2402 1949 neuter
2435 1887 2622 1966 plane

320 2027 324 2031 <
431 2004 583 2068 mihi
631 2002 956 2069 satisfecit.
1024 2006 1108 2069 Et
1152 2007 1563 2087 Kayserus
1611 2003 1868 2084 quidem
1912 2003 2082 2066 haud
2132 2004 2261 2067 scio
2311 2023 2390 2067 an
2435 2003 2499 2067 in
2548 2022 2621 2066 eo

432 2124 994 2204 reprehendendus
1039 2125 1138 2203 sit,
1187 2125 1358 2205 quod
1398 2130 1645 2187 tantum
1676 2123 1845 2203 apud
1881 2141 2025 2186 eum
2056 2112 2270 2186 valen't
2300 2121 2625 2186 Ciceronis

432 2240 543 2304 illa
587 2241 798 2319 verba,
846 2248 916 2305 ut
962 2262 1089 2309 non
1133 2251 1433 2310 vereatur
1486 2243 1854 2308 insimulare
1902 2241 2337 2324 Cornificium,
2386 2242 2451 2306 in
2497 2248 2626 2305 tra-

435 2360 657 2424 dendis
701 2360 974 2425 dilucide
1013 2365 1314 2428 narrandi
1349 2363 1712 2446 praeceptis
1745 2381 1824 2426 ne
1857 2362 2064 2443 ipsum
2100 2362 2356 2442 quidem
2392 2362 2625 2427 dixisse
2723 2380 2731 2385 ·

436 2479 590 2544 satis
640 2480 933 2545 dilucide.
983 2481 1285 2548 Defendit
1345 2486 1422 2549 ab
1479 2485 1598 2548 hac
1643 2483 1822 2548 illum
1866 2476 2097 2547 iniuria
2143 2481 2623 2560 Sieversius,

434 2598 546 2661 sed
609 2598 743 2664 eius
805 2602 1140 2681 quominus
1201 2605 1663 2685 amplectamur
1709 2603 2119 2682 sententiam,
2187 2601 2359 2665 haud
2423 2617 2627 2681 pauca

433 2735 548 2779 nos
596 2725 881 2783 avocant.
960 2722 1225 2787 Monent
1271 2722 1456 2801 enim,
1502 2741 1584 2787 ne
1632 2722 1784 2802 quid
1827 2728 2069 2786 temere
2116 2721 2393 2785 animum
2441 2719 2625 2783 indu-

435 2856 647 2902 camus
674 2839 899 2918 eicere,
941 2821 1003 2904 et
1039 2860 1132 2920 ea,
1168 2861 1331 2922 quae
1366 2842 1652 2921 proxime
1679 2842 2079 2921 antecedunt,
2104 2841 2299 2906 verba
2327 2838 2624 2903 dicimus:

439 2955 751 3025 ‘dilucide
830 2960 1267 3028 narrabimus
1345 2963 1409 3027 si
1439 3011 1454 3025 .
1660 2966 1724 3028 et
1803 2943 2028 3029 rerum
2100 2980 2186 3027 ac
2258 2966 2628 3045 temporum

434 3077 737 3143 ordinem
819 3080 1396 3163 conservabimm,
1471 3086 1545 3146 ut
1610 3086 1842 3166 μεθίετε
1913 3099 2027 3148 res
2100 3085 2299 3146 erunt
2371 3083 2492 3144 aut
2554 3081 2627 3143 ut

430 3199 736 3281 poluisse
779 3200 932 3284 ροντ’
968 3198 1408 3282 videbuntur‘,
1470 3219 1633 3280 quae
1712 3206 1774 3264 et
1839 3172 1980 3280 ipsa
2055 3199 2221 3280 apud
2286 3203 2627 3276 utrumque

436 3316 813 3396 scriptorem
862 3318 1085 3381 eadem
1130 3318 1549 3401 inveniantur,
1598 3320 1720 3385 nisi
1769 3320 1939 3400 quod
1983 3319 2049 3382 in
2094 3317 2222 3382 Cic.
2269 3316 2431 3382 libro
2481 3321 2628 3379 ante

436 3441 510 3502 ul
577 3434 1084 3500 coniunctionem
1119 3426 1457 3504 interiecta
1501 3445 1645 3504 sunt
1681 3440 1877 3503 verba
1913 3437 2006 3505 ‘ut
2057 3441 2157 3505 ita
2209 3434 2625 3516 narrent-aff,

439 3576 599 3637 quae
627 3555 738 3639 (sc.
761 3560 835 3621 ut
854 3557 952 3622 ita
971 3553 1364 3647 narremus)
1410 3565 1631 3625 nostro
1681 3561 1903 3624 deesse
1943 3577 2018 3623 eo
2060 3555 2262 3636 magis
2303 3554 2627 3632 miramur,

438 3676 610 3756 quod
642 3695 770 3739 non
796 3695 1132 3757 possumus
1168 3696 1295 3741 non
1328 3676 1532 3759 fateri,
1572 3678 1926 3743 orationem
1957 3676 2156 3740 multo
2182 3674 2407 3739 melius
2430 3672 2628 3737 fluere

436 3796 773 3860 interiecta
816 3795 926 3861 illa
973 3798 1290 3863 sententia
1336 3817 1524 3879 quam
1573 3798 1824 3863 omissa.
1915 3796 2079 3872 Quid
2124 3794 2343 3876 igitur,
2407 3797 2626 3858 nostro

611 3983 663 4048 ²¹²)
703 3981 754 4035 in
795 3982 880 4036 ed.
919 3981 1036 4038 crit.
1074 3982 1219 4039 notis
1258 4002 1306 4064 ¹3·
1343 3989 1444 4043 224
1489 3985 1631 4040 med.

608 4069 687 4140 *Ὅ
725 4066 913 4124 Rhein.
954 4069 1091 4126 MuS.
1127 4068 1379 4126 xxvffl.
1418 4089 1468 4141 p.
1509 4073 1604 4125 571
1648 4069 1686 4126 f.
