3116 4613
457 276 548 349 12

449 474 561 557 illi,
608 473 1065 559 transponendi
1111 494 1238 540 non
1282 472 1454 539 item.
1549 471 1741 537 Cuius
1802 468 1895 536 rei
1955 470 2243 553 exemplo
2289 469 2643 551 videbimus

453 616 592 663 esse
639 616 780 663 cum
832 596 992 662 alios
1038 595 1216 661 locos
1263 602 1396 660 tum
1443 594 1492 673 I,
1543 593 1602 673 9,
1651 592 1749 657 15.

625 718 751 782 Sed
795 723 976 780 tanta
1021 732 1479 796 saepenumero
1506 713 1790 792 levitate,
1837 714 2092 794 nequid
2126 715 2380 795 gravius
2418 714 2641 792 dicam,

451 839 516 902 in
564 857 641 902 ea
684 857 754 902 re
803 845 948 903 sunt
991 838 1247 916 versati,
1294 842 1364 900 ut
1401 833 1638 898 nullam
1672 852 1936 927 prorsus
1967 834 2283 898 rationem
2313 834 2641 911 haberent,

456 961 581 1025 alia
606 961 776 1042 apud
794 959 1185 1038 Ciceronem,
1226 959 1351 1023 alia
1374 956 1542 1038 apud
1563 954 1969 1024 Cornificium
1997 955 2122 1019 illis
2154 956 2311 1020 locis
2338 961 2446 1019 aut
2471 960 2648 1019 ante-

455 1080 682 1145 cedere
716 1086 827 1144 aut
861 1080 1061 1161 sequi,
1110 1078 1456 1158 Ciceronis,
1504 1076 1613 1140 ubi
1651 1075 1873 1140 eadem
1911 1095 2014 1140 res
2057 1082 2372 1157 ageretur,
2421 1075 2645 1139 verbo-

453 1220 593 1263 rum
630 1206 871 1264 temere
899 1201 1187 1265 ordinem
1220 1202 1708 1278 aucuparentur.
1758 1196 1921 1272 Quin
1951 1197 2143 1261 etiam
2173 1197 2239 1260 in
2272 1198 2460 1261 rebus
2490 1215 2647 1259 non-

452 1337 775 1399 nunquam
822 1319 1251 1398 dissimilibus,
1298 1319 1639 1381 verborum
1682 1317 1940 1380 adducti
1982 1317 2196 1397 aliqua
2234 1316 2648 1382 similitudine

457 1441 538 1503 ad
584 1439 909 1504 Ciceronis
971 1440 1327 1521 exemplum
1395 1458 1615 1503 eorum
1678 1438 1965 1502 ordinem
2018 1445 2363 1503 mutavere.
2455 1437 2647 1502 Cuius

456 1560 741 1641 perversi
808 1560 1063 1625 illorum
1131 1561 1324 1626 studii
1382 1560 1537 1623 nihil
1597 1559 1929 1640 insigniori
1982 1561 2222 1640 poterit
2271 1578 2410 1625 esse
2458 1560 2650 1628 docue

456 1686 670 1745 mento
719 1700 907 1762 quam
952 1680 1044 1745 illi
1090 1682 1251 1761 loci,
1317 1680 1425 1745 ubi
1486 1679 1755 1743 eundem
1820 1679 1988 1760 apud
2050 1685 2390 1760 utrumque
2453 1679 2650 1759 scrip-

457 1806 666 1865 torem
732 1802 797 1865 in
855 1803 1044 1867 rebus
1090 1774 1524 1882 proponendis
1582 1801 1920 1864 verborum
1950 1782 2254 1864 'ordinem
2301 1799 2651 1881 deprehen-

463 1920 687 2000 dimus,
737 1939 877 1985 cum
923 1922 989 1985 in
1034 1922 1260 1986 iisdem
1305 1923 1495 1986 rebus
1544 1922 1931 2002 explicandis
1994 1923 2188 1986 alium
2254 1924 2332 1987 ab
2379 1922 2503 1986 alio
2553 1940 2653 1984 or-

463 2041 673 2105 dinem
720 2041 887 2106 infra
931 2042 1293 2107 institutum
1342 2062 1483 2109 esse
1529 2045 1876 2108 videamus.
1923 2042 2117 2108 Velut
2147 2045 2196 2123 I,
2245 2042 2345 2122 14,
2394 2043 2477 2107 24
2508 2049 2654 2124 post

461 2163 579 2241 in.;
628 2164 709 2242 II,
761 2163 874 2243 16,
940 2162 1022 2227 23
1068 2170 1216 2244 post
1260 2165 1342 2229 in.
1435 2164 1853 2245 Perspicuum
1918 2163 2083 2228 enim
2146 2168 2243 2228 est
2305 2163 2431 2227 illis
2476 2162 2652 2240 locis,

461 2281 920 2363 propositionis
969 2283 1258 2349 ordinem
1304 2284 1370 2348 in
1415 2281 1788 2363 CornificiO,
1858 2289 1927 2347 ut
1973 2283 2038 2347 in
2085 2283 2396 2365 scriptore
2443 2282 2656 2363 dispu-

463 2403 724 2467 tationis
771 2404 1059 2468 ordinem
1104 2404 1402 2485 religiose
1451 2404 1850 2485 observante,
1919 2422 2114 2485 prave
2184 2403 2266 2466 ad
2332 2402 2655 2467 Ciceronis

465 2523 821 2604 exemplum
868 2543 1007 2588 esse
1056 2531 1531 2590 commutatum.

636 2641 763 2707 Sed
798 2644 1192 2709 recentiores
1217 2642 1515 2709 Cornifici
1564 2646 1843 2710 editores
1889 2645 2103 2711 nescio
2153 2643 2472 2725 quomodo
2518 2648 2657 2704 tan-

464 2767 598 2825 tum
647 2762 845 2843 abest,
893 2769 964 2826 ut
1011 2764 1322 2829 eiusmodi
1367 2764 1525 2828 locis
1573 2762 1939 2845 confugiant
1971 2764 2052 2828 ad
2079 2766 2418 2830 verborum
2450 2770 2657 2829 trans-

463 2883 868 2964 positionem,
916 2889 985 2946 ut
1030 2891 1297 2965 propter
1343 2903 1481 2949 eam
1526 2884 1731 2965 ipsam
1780 2904 1920 2974 cum
1967 2885 2272 2950 Cicerone
2319 2887 2656 2950 verborum

466 3002 784 3081 quandam
814 3003 1317 3067 convenientiam
1363 3003 1463 3067 vel
1508 3003 1963 3083 nequissimam
2010 3006 2348 3070 lectionem
2395 3005 2657 3069 retineri

464 3122 752 3200 iubeant3
835 3122 931 3186 sin
997 3123 1118 3187 hoc
1184 3123 1425 3203 minus,
1504 3123 2019 3206 interpolationis
2084 3132 2328 3192 temere
2397 3128 2659 3209 suspici-

471 3261 657 3310 onem
705 3244 1192 3325 amplectantur.

638 3365 772 3428 Iam
820 3365 1067 3429 accedit
1119 3364 1379 3428 tertium
1445 3366 1767 3444 quoddam
1828 3368 2397 3447 transpositionum
2462 3386 2658 3449 genus

470 3503 706 3564 earum,
758 3502 914 3563 quas
960 3500 1166 3564 neque
1215 3502 1290 3548 ex
1334 3483 1870 3552 homoeoteleutis
1908 3494 2091 3552 natas
2128 3506 2335 3567 neque
2372 3507 2446 3551 ex
2482 3488 2660 3552 libris

469 3602 902 3674 Ciceronianis
947 3599 1267 3682 profectas
1316 3622 1455 3667 esse
1504 3605 1696 3670 dicas.
1769 3605 1928 3670 Sunt
1975 3607 2141 3671 enim
2185 3603 2470 3669 nonnulli
2516 3605 2659 3684 loci,

468 3728 576 3793 ubi
635 3725 713 3788 de
769 3721 1013 3786 duabus
1078 3723 1439 3804 sententiiS,
1511 3726 1594 3789 ad
1651 3745 1856 3807 pauca
1918 3725 2291 3806 plerumque
2351 3724 2662 3788 vocabula

467 3844 953 3931 pertinentibuS,
991 3840 1194 3905 altera
1225 3850 1373 3923 post
1404 3845 1670 3910 alteram
1704 3851 1949 3910 mutato
1982 3845 2204 3909 ordine
2232 3844 2311 3906 ab
2334 3835 2660 3924 a‘rchetypi

469 3972 730 4053 librario
777 3978 1115 4058 perperam
1162 3963 1525 4044 conscripta
1574 3985 1713 4031 esse
1757 3967 2069 4031 videatur.
2116 3965 2260 4028 Erit
2292 3963 2660 4029 autemillis

467 4096 625 4184 locis
649 4112 777 4159 non
802 4091 1207 4175 cogitandum
1229 4090 1307 4156 de
1336 4088 1959 4172 interpolationibus
2010 4084 2243 4167 quippe
2263 4083 2561 4164 quoniam
2588 4101 2663 4146 ex
