3116 4613
2600 275 2697 347 39

503 495 694 542 causa
741 475 1018 542 occurrit
1064 474 1278 556 aliqua
1325 492 1400 538 ex
1444 477 1629 554 parte
1674 470 1811 537 veri
1858 473 2113 556 similis,
2177 474 2302 541 nisi
2362 477 2439 542 ab
2508 450 2734 543 inter-⁸

504 605 687 679 prete
736 597 949 689 aliqup
995 596 1158 660 hanc
1203 595 1414 675 legem
1458 594 1539 658 ad
1582 592 1868 656 Malleoli
1912 593 2079 659 infra
2133 615 2388 661 causam
2434 598 2500 662 in
2536 617 2704 664 mar-

498 716 649 796 gine
697 715 1085 796 adscriptam
1130 713 1360 794 fuisse,
1421 713 1667 780 librarii
1716 713 1945 779 deinde
1994 735 2104 780 seu
2151 717 2542 798 negligentia
2589 738 2702 784 seu

505 835 927 915 perversitate
973 834 1182 898 alieno
1229 834 1370 897 loco
1419 833 1484 896 in
1529 837 1773 896 textum
1821 851 1961 898 esse
2008 842 2351 916 receptam.
2417 836 2560 901 Non
2605 857 2704 902 re-

505 957 819 1036 pugnabo,
870 954 1206 1036 quominus
1251 953 1316 1016 in
1361 952 1522 1015 hanc
1573 970 1681 1016 eas
1729 954 2128 1018 sententiam.
2216 955 2532 1036 Equidem
2577 975 2705 1020 non

504 1074 804 1155 adducor,
850 1092 1059 1155 neque
1082 1080 1154 1137 ut
1201 1091 1341 1136 cum
1372 1071 1821 1152 Schuetzi0‚
1869 1074 2254 1156 KayserO,
2304 1075 2443 1140 aliis
2479 1077 2702 1141 exstir-

503 1194 779 1275 pandam
825 1188 1032 1274 neque
1076 1199 1150 1257 ut
1181 1212 1321 1257 cum
1345 1191 1666 1286 Klotzio
1714 1192 2114 1258 retinendam
2164 1214 2303 1260 esse
2352 1195 2706 1259 existimem

505 1331 644 1376 eam
709 1312 953 1393 legem,
1031 1332 1155 1394 quo
1223 1319 1319 1377 est
1384 1313 1526 1377 loco
1593 1313 1657 1376 in
1719 1312 1898 1377 libris
1961 1312 2216 1375 tradita.
2309 1314 2702 1394 Reputaram

497 1433 673 1498 enim
721 1452 861 1497 cuin
908 1434 1139 1512 anim0,
1188 1452 1397 1497 nonne
1447 1438 1510 1496 et
1555 1431 1703 1495 huic
1746 1430 1889 1494 loco
1937 1431 2255 1496 medicina
2298 1434 2514 1514 parari
2559 1453 2707 1514 pos-

506 1559 602 1616 set
650 1554 988 1618 verborum
1034 1552 1569 1634 transpositione,
1602 1600 1608 1605 .
1639 1558 1702 1616 et
1769 1550 2120 1632 periculum
2181 1550 2441 1616 facienti
2485 1572 2565 1616 ne
2612 1558 2707 1616 te-

501 1672 807 1737 nuissima
854 1675 1110 1753 quidem
1157 1673 1461 1738 remansit
1508 1671 1842 1751 dubitatio,
1892 1672 2043 1752 quin
2086 1673 2152 1737 in
2196 1671 2362 1736 hunc
2410 1672 2698 1735 ordinem

501 1793 676 1873 leges
725 1798 938 1856 essent
990 1792 1434 1856 adducendae:
1760 1883 1771 1894 ·

715 1912 960 1987 ‘LEX.·
1038 1923 1103 1986 si
1160 1900 1470 2001 furiosus
1531 1923 1811 2007 existet,
1887 1921 2258 2009 adqnalum
2332 1919 2709 2006 qentilium-

504 2067 630 2132 que
729 2051 798 2115 in
889 2068 965 2115 eo
1039 2051 1464 2135 pecuniaque
1557 2052 1701 2116 eius
1792 2055 2103 2136 potestas
2192 2046 2440 2115 ESTO.
2547 2043 2714 2134 [ET

501 2175 726 2243 LEX:
811 2176 1324 2263 paterfamilias
1366 2179 1499 2265 ‚uli
1560 2194 1766 2262 super
1831 2176 2101 2259 familia
2148 2177 2526 2261 pecuniave
2579 2193 2710 2243 sua

505 2306 864 2391 leqaceril,
934 2308 1032 2373 ita
1078 2306 1184 2372 ius
1260 2303 1508 2373 ESTO.
1616 2304 1734 2371 ET
1784 2304 2005 2372 LEX:
2076 2306 2140 2371 si
2196 2301 2708 2390 paterfamilias

504 2437 862 2500 intestatus
930 2436 1251 2517 moritur,
1332 2433 1602 2516 familia
1648 2436 2073 2519 pecuniaque
2142 2434 2284 2499 eius
2339 2431 2709 2517 adqnalum

501 2562 977 2647 pentiliumque
1061 2555 1362 2648 ESTO.]
1481 2559 1601 2627 ET
1662 2559 1885 2627 LEX:
1979 2561 2096 2645 qui
2151 2564 2507 2645 parentem
2577 2576 2706 2625 ne-

505 2708 700 2756 casse
794 2689 1134 2757 iudicatus
1224 2691 1386 2768 erit,
1473 2694 1547 2754 ul
1623 2691 1682 2755 is
1764 2686 2119 2754 obvolutus
2200 2691 2264 2753 el
2361 2686 2702 2773 obliquius

507 2820 695 2884 corio
752 2816 1121 2884 devehatur
1175 2818 1245 2883 in
1291 2814 1782 2902 profluentem<
1808 2808 1843 2845 '¹‘
1891 2873 1896 2878 .

679 2986 876 3063 Quem
935 2986 1275 3049 verborum
1346 2985 1634 3048 ordinem
1696 2992 1767 3049 ut
1830 3003 2050 3049 verum
2113 2984 2443 3064 scriptoris
2508 2984 2704 3051 fuisse

510 3106 665 3169 mihi
709 3104 1149 3186 persuadeam,
1198 3103 1369 3186 haud
1414 3124 1620 3185 pauca
1663 3125 1764 3169 me
1814 3103 2217 3185 compellunt.
2303 3105 2388 3167 Et
2434 3106 2707 3187 primum

512 3225 804 3306 quidem,
875 3241 1064 3303 quam
1130 3224 1336 3304 legem
1391 3224 1565 3287 nulla
1609 3244 1872 3305 prorsus
1932 3224 2241 3289 societate
2288 3242 2428 3288 cum
2477 3226 2707 3289 ceteris

510 3346 678 3410 inter
725 3362 793 3409 se
841 3343 1150 3408 similibus
1198 3344 1601 3408 coniunctam
1647 3344 1919 3408 vidimus
1964 3342 2179 3422 fuisse,
2228 3361 2369 3407 eam
2413 3344 2478 3407 in
2526 3364 2708 3409 suum

508 3463 631 3527 iam
678 3462 890 3525 locum
935 3462 1317 3541 restitutam,
1365 3463 1774 3543 perspicuum
1821 3469 1954 3542 est,
2024 3462 2261 3542 optime
2306 3462 2483 3543 leges
2530 3469 2708 3527 ante-

510 3583 811 3646 cedentes
857 3579 1141 3644 Malleoli
1192 3598 1440 3659 causae,
1491 3600 1654 3662 quae
1700 3580 1866 3645 infra
1913 3586 2243 3660 tractatur,
2294 3580 2522 3660 cuique
2568 3581 2709 3662 ipsa

510 3706 606 3765 est
636 3683 967 3779 finitima,
1038 3698 1384 3777 adiungere
1453 3705 1646 3780 atque
1726 3701 2085 3764 adnectere.
2176 3698 2442 3763 Accedit
2515 3701 2705 3779 quod,
2784 3746 2791 3754 .

507 3820 826 3900 quomodo
883 3818 1052 3882 facta
1115 3818 1197 3882 sit
1257 3818 1469 3898 legum
1532 3817 1643 3881 illa
1704 3817 1768 3881 in
1823 3818 2004 3883 libris
2048 3816 2469 3898 perturbatiO,
2516 3816 2696 3881 facil-

505 3941 726 4004 limum
799 3944 895 4003 est
959 3938 1306 4002 intellectu.
1398 3937 1515 4002 Cui
1592 3937 1758 4002 enim
1819 3937 1921 4003 vel
2000 3936 2209 4002 obiter
2279 3935 2489 3999 locum
2558 3955 2703 4015 per-

505 4058 806 4144 lustranti
850 4076 978 4129 non
1022 4056 1341 4123 videbitur
1384 4055 1669 4130 notabile
1714 4056 1983 4137 primam
2006 4105 2020 4134 ,
2086 4054 2416 4133 alteram,
2447 4052 2704 4117 tertiam
