3116 4613
2524 261 2618 331 23

431 440 1022 543 interpretealiquo
1076 464 1219 528 ‘vel
1257 462 1460 527 artis
1500 482 1692 527 suae
1736 463 2290 527 ostentandae
2335 463 2460 526 vel
2507 463 2622 527 rei

431 581 933 661 explicandae
976 582 1322 646 consilio‘
1369 582 1635 661 illatum,
1686 583 2023 647 delendum
2060 601 2200 647 esse
2235 583 2617 664 opinatur*).

428 700 609 776 Quod
669 711 1067 781 nequaquam
1137 701 1193 765 ei
1262 702 1735 767 assentiendum
1807 721 1947 767 esse
2013 707 2327 782 putamus.
2421 703 2619 778 Quem

434 820 602 883 enim
629 820 1058 886 existimamus
1083 822 1516 903 interpretem,
1564 829 1634 886 ut
1666 823 2012 902 explicaret
2042 840 2177 886 rem
2217 822 2269 885 si
2302 841 2465 902 quae
2492 822 2621 886 alia

431 940 663 1004 claram
710 946 902 1020 atque
949 941 1308 1021 dilucidam,
1355 941 1699 1019 addidisse,
1750 941 1920 1020 quod
1953 941 2161 1021 ipsum
2194 940 2617 1020 explicatione

427 1058 528 1122 vel
551 1058 825 1123 maxime
857 1059 1217 1140 indigeret?
1259 1059 1386 1121 Aut
1434 1077 1597 1139 quae
1645 1064 1741 1124 est
1791 1059 2156 1138 ostentatiO,
2205 1061 2377 1139 quod
2423 1059 2619 1124 semel

430 1176 664 1241 dictum
712 1184 809 1242 est
852 1180 1040 1261 plane
1086 1184 1277 1260 atque
1325 1177 1620 1257 dilucide,
1666 1177 1836 1241 idem
1884 1178 2095 1242 dicere
2133 1178 2364 1242 iterum
2398 1179 2620 1243 obscu-

431 1295 603 1359 rius?
645 1296 934 1377 Namque
981 1319 1058 1362 ne
1105 1299 1312 1378 ipsum
1358 1298 1613 1377 quidem
1647 1297 2212 1375 Destinonium,
2290 1296 2622 1383 ‘deinceps
2674 1313 2680 1322 ·

324 1430 329 1437 ⁴
429 1415 684 1483 dicere‘
746 1418 897 1496 quid
962 1417 1081 1483 sibi
1124 1417 1339 1497 vellet,
1386 1423 1562 1481 recte
1622 1416 2010 1480 intellexisse
2056 1418 2458 1498 perspicuum
2508 1424 2620 1481 est.

429 1536 706 1600 Interest
752 1537 945 1615 enim,
1011 1537 1279 1601 interest
1338 1536 1505 1601 inter
1554 1538 1675 1604 ‘bis
1706 1542 1826 1603 aut
1852 1539 2127 1622 saepius
2157 1537 2328 1604 idem
2365 1536 2618 1604 dicere‘

427 1660 490 1718 et
535 1654 780 1722 ‘cu‘cere
818 1656 1173 1741 deinceps‘,
1225 1656 1459 1736 quippe
1517 1675 1787 1736 quorum
1845 1654 2001 1717 illud
2055 1655 2380 1735 propriam
2428 1655 2619 1735 sigui-

424 1774 570 1839 ficet
616 1774 1059 1855 tautologiam,
1128 1774 1249 1839 hoc
1298 1776 1471 1839 aliud
1534 1768 2090 1861 περισσολογίας
2145 1792 2334 1853 quam
2407 1773 2621 1837 dicunt

425 1913 643 1975 genus,
690 1894 843 1956 item
888 1873 1231 1957 vitandum.
1325 1895 1704 1958 Continetur
1748 1899 1960 1958 autem
2006 1894 2165 1972 hoc,
2213 1892 2278 1956 id
2326 1892 2496 1971 quod
2544 1912 2619 1955 ex

424 2015 624 2097 ipsius
670 2015 982 2099 deinceps
1044 2014 1335 2078 vocabuli
1366 2015 1788 2095 colligendum
1825 2021 1921 2078 cst
1957 2012 2359 2096 etymologia,
2406 2030 2502 2089 e0,
2549 2017 2619 2073 ut

424 2135 779 2215 proximum
826 2133 1124 2211 quodque
1172 2133 1574 2196 enunciatum
1636 2131 2078 2195 introducatur
2146 2131 2614 2210 quodammodo

423 2250 748 2318 novissimi
797 2249 1099 2333 cuiusque
1145 2251 1546 2331 repetitione.
1639 2251 1733 2315 Ne
1797 2255 2008 2314 autem
2072 2250 2325 2315 omnino
2396 2255 2614 2332 posset

426 2372 720 2450 dubitari,
769 2371 922 2451 quid
968 2372 1088 2436 sibi
1132 2371 1325 2436 vellet
1368 2370 1487 2434 hoc
1541 2376 1987 2450 praeceptum,
2055 2372 2334 2449 perbene
2395 2370 2608 2435 vitiosi

421 2493 555 2558 eius
603 2489 853 2554 dicendi
899 2490 1149 2569 generis
1196 2489 1550 2569 exemplum
1597 2488 1841 2552 addidit
1890 2486 2265 2553 Cornificius
2307 2489 2463 2552 hoc:

631 2609 920 2676 ‘Athenis
976 2607 1330 2694 Meqaram
1382 2611 1649 2694 vesperi
1702 2610 1973 2676 advenit
2023 2608 2250 2676 Simo:

635 2727 785 2795 Ubi
852 2727 1193 2795 advenit
1263 2726 1682 2813 Meqaram
1736 2747 1791 2794 e.
1850 2747 1911 2812 q.
1970 2728 2059 2794 s.‘

595 2846 938 2912 Consimile
987 2853 1083 2911 est
1130 2846 1454 2911 Ciceronis
1519 2847 1600 2910 de
1662 2848 1884 2911 eadem
1948 2867 2016 2911 re
2080 2854 2491 2928 praeceptum
2553 2847 2617 2910 in

427 2968 549 3031 inv.
599 2967 663 3045 I,
710 2965 813 3045 20,
861 2965 943 3029 28
987 2965 1152 3028 med.
1250 2965 1354 3031 ‘Et
1395 2969 1458 3032 si
1493 2966 1695 3032 semel
1728 2984 1930 3033 unum
1972 2968 2258 3052 quidque
2313 2968 2618 3045 dieelum

423 3093 498 3153 et
587 3088 664 3152 si
754 3102 912 3151 nou
1007 3084 1108 3150 ab
1200 3102 1321 3165 ee,
1417 3102 1573 3169 quo
1666 3085 1896 3150 modo
1988 3088 2338 3152 desitum.
2434 3087 2616 3167 erit,

423 3206 819 3291 deinceps
872 3201 1373 3288 incipietur(
1466 3203 1650 3279 Quod
1695 3203 1966 3267 alterum
2013 3211 2423 3284 praeceptum
2469 3202 2616 3266 Vic-

423 3324 668 3388 torinus
743 3324 782 3386 l.
859 3323 898 3385 l.
968 3341 1027 3402 p.
1101 3320 1182 3385 59
1258 3321 1421 3384 med.
1495 3321 1576 3384 ad
1645 3321 1810 3385 huuc
1887 3322 2142 3385 modum
2221 3323 2618 3403 explanavit:

428 3445 639 3510 ‘...id
706 3419 863 3525 est,
933 3460 1026 3508 ue
1095 3461 1139 3506 a
1205 3459 1292 3506 re
1358 3440 1543 3521 illa,
1617 3459 1847 3525 quum
1915 3459 2178 3525 nuper
2232 3442 2616 3522 diximus,

425 3565 533 3631 ad
604 3564 859 3650 aliam
935 3580 1104 3627 rem
1181 3578 1602 3626 sumamus
1680 3559 2147 3625 emordium.
2256 3557 2334 3625 Si
2386 3561 2621 3625 dicas:

418 3682 771 3768 profectus
824 3680 989 3746 urbe
1043 3697 1227 3745 sum:
1282 3685 1346 3745 el
1384 3697 1531 3745 eum
1567 3697 1777 3745 essem
1821 3677 2201 3763 profectus,
2260 3679 2356 3745 acl
2389 3678 2619 3744 villam

428 3802 610 3867 veui:
637 3805 700 3865 et
726 3816 873 3865 cum
901 3798 1390 3864 venissem-...!
1432 3797 1570 3873 Qua
1602 3818 1672 3862 re
1708 3818 1832 3862 una
1868 3798 2022 3863 satis
2059 3795 2447 3864 confutatam
2480 3816 2620 3863 esse

425 3918 758 3999 opinamur
802 3917 859 3979 D
877 3936 910 3980 e
928 3916 1090 3980 stin
1107 3934 1143 3979 o
1161 3915 1237 3978 ni
1283 3918 1730 3997 suspicionem.

591 4071 637 4136 ⁸⁸)
681 4065 819 4123 Vide
856 4065 998 4139 apud
1035 4067 1212 4139 ipsum
1252 4084 1306 4138 p.
1343 4069 1425 4123 20.
1473 4084 1593 4123 anun.
